<?xml version="1.0" encoding="UTF-8"?>
<!DOCTYPE html PUBLIC "-//W3C//DTD XHTML 1.0 Transitional//EN"
    "http://www.w3.org/TR/xhtml1/DTD/xhtml1-transitional.dtd">
<html xmlns="http://www.w3.org/1999/xhtml" xml:lang="en" lang="en">
 <head>
  <title>
</title>
<meta http-equiv="Content-Type" content="text/html;charset=utf-8" />
  <meta name='ocr-system' content='tesseract 3.04.00' />
  <meta name='ocr-capabilities' content='ocr_page ocr_carea ocr_par ocr_line ocrx_word'/>
</head>
<body>
  <div class='ocr_page' id='page_1' title='image "./deciceronisinor00haacgoog_0014.png"; bbox 0 0 4717 5575; ppageno 0'>
   <div class='ocr_carea' id='block_1_1' title="bbox 2317 290 2756 351">
    <p class='ocr_par' dir='ltr' id='par_1_1' title="bbox 2317 290 2756 351">
     <span class='ocr_line' id='line_1_1' title="bbox 2317 290 2756 351; baseline 0.005 -15"><span class='ocrx_word' id='word_1_1' title='bbox 2317 290 2756 351; x_wconf 73' lang='grc' dir='ltr'>-ιο-</span> 
     </span>
    </p>
   </div>
   <div class='ocr_carea' id='block_1_2' title="bbox 724 500 4334 688">
    <p class='ocr_par' dir='ltr' id='par_1_2' title="bbox 724 500 4334 688">
     <span class='ocr_line' id='line_1_2' title="bbox 1053 500 4334 588; baseline 0.003 -21"><span class='ocrx_word' id='word_1_2' title='bbox 1053 503 1165 567; x_wconf 66' lang='lat' dir='ltr'><strong>[V.</strong></span> <span class='ocrx_word' id='word_1_3' title='bbox 1221 527 1337 582; x_wconf 49' lang='grc' dir='ltr'><strong>μς</strong></span> <span class='ocrx_word' id='word_1_4' title='bbox 1389 508 1719 587; x_wconf 63' lang='lat' dir='ltr'><strong>squuleos</strong></span> <span class='ocrx_word' id='word_1_5' title='bbox 1764 515 2136 588; x_wconf 89' lang='lat' dir='ltr'><strong>argenteos</strong></span> <span class='ocrx_word' id='word_1_6' title='bbox 2186 540 2268 549; x_wconf 93' lang='lat'>—</span> <span class='ocrx_word' id='word_1_7' title='bbox 2322 540 2403 548; x_wconf 90' lang='lat'><strong>--</strong></span> <span class='ocrx_word' id='word_1_8' title='bbox 2453 500 2697 565; x_wconf 83' lang='lat' dir='ltr'><strong>aufert.</strong></span> <span class='ocrx_word' id='word_1_9' title='bbox 2790 503 3197 585; x_wconf 86' lang='lat' dir='ltr'><strong>Imprudens</strong></span> <span class='ocrx_word' id='word_1_10' title='bbox 3238 506 3373 568; x_wconf 88' lang='lat' dir='ltr'><strong>huc</strong></span> <span class='ocrx_word' id='word_1_11' title='bbox 3415 507 3659 573; x_wconf 91' lang='lat' dir='ltr'><strong>incidi:</strong></span> <span class='ocrx_word' id='word_1_12' title='bbox 3709 512 3873 574; x_wconf 90' lang='lat' dir='ltr'><strong>emit</strong></span> <span class='ocrx_word' id='word_1_13' title='bbox 3919 512 4134 584; x_wconf 91' lang='lat' dir='ltr'><strong>enim,</strong></span> <span class='ocrx_word' id='word_1_14' title='bbox 4197 533 4334 575; x_wconf 89' lang='lat' dir='ltr'><strong>non</strong></span> 
     </span>
     <span class='ocr_line' id='line_1_3' title="bbox 724 607 3399 688; baseline 0 -17"><span class='ocrx_word' id='word_1_15' title='bbox 724 611 1037 671; x_wconf 76' lang='lat' dir='ltr'><strong>abstulit:</strong></span> <span class='ocrx_word' id='word_1_16' title='bbox 1089 615 1333 675; x_wconf 63' lang='lat' dir='ltr'><strong>nullum</strong></span> <span class='ocrx_word' id='word_1_17' title='bbox 1385 613 1681 675; x_wconf 76' lang='lat' dir='ltr'>dixisse:</span> <span class='ocrx_word' id='word_1_18' title='bbox 1732 611 2019 674; x_wconf 89' lang='lat' dir='ltr'><strong>iactabit</strong></span> <span class='ocrx_word' id='word_1_19' title='bbox 2066 629 2142 671; x_wconf 89' lang='lat' dir='ltr'><strong>se</strong></span> <span class='ocrx_word' id='word_1_20' title='bbox 2190 620 2260 671; x_wconf 91' lang='lat' dir='ltr'><strong>et</strong></span> <span class='ocrx_word' id='word_1_21' title='bbox 2308 610 2376 671; x_wconf 90' lang='lat' dir='ltr'><strong>in</strong></span> <span class='ocrx_word' id='word_1_22' title='bbox 2421 608 2530 670; x_wconf 91' lang='lat' dir='ltr'><strong>his</strong></span> <span class='ocrx_word' id='word_1_23' title='bbox 2577 607 2918 688; x_wconf 86' lang='lat' dir='ltr'><strong>equitabit</strong></span> <span class='ocrx_word' id='word_1_24' title='bbox 2964 608 3399 687; x_wconf 81' lang='lat' dir='ltr'><strong>equuleis,</strong></span> 
     </span>
    </p>
   </div>
   <div class='ocr_carea' id='block_1_3' title="bbox 724 721 4336 909">
    <p class='ocr_par' dir='ltr' id='par_1_3' title="bbox 724 721 4336 909">
     <span class='ocr_line' id='line_1_4' title="bbox 1047 721 4336 817; baseline 0.004 -30"><span class='ocrx_word' id='word_1_25' title='bbox 1047 727 1161 787; x_wconf 72' lang='lat' dir='ltr'><strong>W.</strong></span> <span class='ocrx_word' id='word_1_26' title='bbox 1229 751 1377 803; x_wconf 47' lang='grc' dir='ltr'><strong>[ὂψ</strong></span> <span class='ocrx_word' id='word_1_27' title='bbox 1442 745 1668 806; x_wconf 90' lang='lat' dir='ltr'><strong>neque</strong></span> <span class='ocrx_word' id='word_1_28' title='bbox 1728 723 2211 806; x_wconf 87' lang='lat' dir='ltr'><strong>postulandum</strong></span> <span class='ocrx_word' id='word_1_29' title='bbox 2257 722 2505 795; x_wconf 87' lang='lat' dir='ltr'><strong>fuisse,</strong></span> <span class='ocrx_word' id='word_1_30' title='bbox 2569 731 2646 785; x_wconf 91' lang='lat' dir='ltr'><strong>ut</strong></span> <span class='ocrx_word' id='word_1_31' title='bbox 2693 721 2994 804; x_wconf 89' lang='lat' dir='ltr'><strong>(Verres)</strong></span> <span class='ocrx_word' id='word_1_32' title='bbox 3041 724 3481 805; x_wconf 82' lang='lat' dir='ltr'><strong>palaestritas</strong></span> <span class='ocrx_word' id='word_1_33' title='bbox 3528 728 3884 810; x_wconf 86' lang='lat' dir='ltr'><strong>diligeret,</strong></span> <span class='ocrx_word' id='word_1_34' title='bbox 3951 736 4066 817; x_wconf 90' lang='lat' dir='ltr'><strong>qui</strong></span> <span class='ocrx_word' id='word_1_35' title='bbox 4127 735 4336 798; x_wconf 88' lang='lat' dir='ltr'><strong>etiam</strong></span> 
     </span>
     <span class='ocr_line' id='line_1_5' title="bbox 724 830 2913 909; baseline 0.001 -18"><span class='ocrx_word' id='word_1_36' title='bbox 724 835 1149 895; x_wconf 61' lang='lat' dir='ltr'><strong>inventorem</strong></span> <span class='ocrx_word' id='word_1_37' title='bbox 1201 835 1329 895; x_wconf 65' lang='lat' dir='ltr'><strong>*slei</strong></span> <span class='ocrx_word' id='word_1_38' title='bbox 1377 835 1579 894; x_wconf 73' lang='lat' dir='ltr'><strong>deum</strong></span> <span class='ocrx_word' id='word_1_39' title='bbox 1627 831 2014 893; x_wconf 84' lang='lat' dir='ltr'><strong>sustulisset</strong></span> <span class='ocrx_word' id='word_1_40' title='bbox 2063 830 2393 909; x_wconf 87' lang='lat' dir='ltr'><strong>(Aristaei</strong></span> <span class='ocrx_word' id='word_1_41' title='bbox 2440 831 2913 908; x_wconf 88' lang='lat' dir='ltr'><strong>simulacrum).</strong></span> 
     </span>
    </p>
   </div>
   <div class='ocr_carea' id='block_1_4' title="bbox 716 945 4330 1455">
    <p class='ocr_par' dir='ltr' id='par_1_4' title="bbox 716 945 4330 1455">
     <span class='ocr_line' id='line_1_6' title="bbox 1045 945 4330 1032; baseline 0.004 -23"><span class='ocrx_word' id='word_1_42' title='bbox 1045 971 1165 1031; x_wconf 72' lang='lat' dir='ltr'><strong>prs</strong></span> <span class='ocrx_word' id='word_1_43' title='bbox 1241 947 1473 1008; x_wconf 49' lang='lat' dir='ltr'><strong>Fons:</strong></span> <span class='ocrx_word' id='word_1_44' title='bbox 1548 945 1873 1008; x_wconf 88' lang='lat' dir='ltr'><strong>Plaetorii</strong></span> <span class='ocrx_word' id='word_1_45' title='bbox 1944 956 2266 1022; x_wconf 78' lang='lat' dir='ltr'><strong>matrem,</strong></span> <span class='ocrx_word' id='word_1_46' title='bbox 2354 947 2515 1009; x_wconf 89' lang='lat' dir='ltr'><strong>dum</strong></span> <span class='ocrx_word' id='word_1_47' title='bbox 2587 945 2882 1011; x_wconf 84' lang='lat' dir='ltr'><strong>vixisset</strong></span> <span class='ocrx_word' id='word_1_48' title='bbox 2908 996 2922 1022; x_wconf 88' lang='lat'><strong>,</strong></span> <span class='ocrx_word' id='word_1_49' title='bbox 2995 947 3257 1022; x_wconf 91' lang='lat' dir='ltr'><strong>ludum,</strong></span> <span class='ocrx_word' id='word_1_50' title='bbox 3342 960 3714 1031; x_wconf 89' lang='lat' dir='ltr'><strong>postquam</strong></span> <span class='ocrx_word' id='word_1_51' title='bbox 3779 964 4053 1016; x_wconf 88' lang='lat' dir='ltr'><strong>mortua</strong></span> <span class='ocrx_word' id='word_1_52' title='bbox 4124 968 4330 1032; x_wconf 86' lang='lat' dir='ltr'><strong>esset,</strong></span> 
     </span>
     <span class='ocr_line' id='line_1_7' title="bbox 720 1050 4329 1140; baseline 0.002 -21"><span class='ocrx_word' id='word_1_53' title='bbox 720 1059 1213 1131; x_wconf 56' lang='lat' dir='ltr'><strong>magistros</strong></span> <span class='ocrx_word' id='word_1_54' title='bbox 1261 1053 1608 1115; x_wconf 67' lang='lat' dir='ltr'><strong>hahuisse.</strong></span> <span class='ocrx_word' id='word_1_55' title='bbox 1704 1050 1907 1131; x_wconf 77' lang='lat' dir='ltr'><strong>Quod</strong></span> <span class='ocrx_word' id='word_1_56' title='bbox 1955 1052 2210 1116; x_wconf 91' lang='lat' dir='ltr'><strong>dictum</strong></span> <span class='ocrx_word' id='word_1_57' title='bbox 2260 1053 2539 1134; x_wconf 78' lang='lat' dir='ltr'><strong>Quintil.</strong></span> <span class='ocrx_word' id='word_1_58' title='bbox 2591 1053 2709 1117; x_wconf 93' lang='lat' dir='ltr'><strong>VI.</strong></span> <span class='ocrx_word' id='word_1_59' title='bbox 2762 1075 2820 1133; x_wconf 87' lang='lat'><strong>3.</strong></span> <span class='ocrx_word' id='word_1_60' title='bbox 2872 1074 2975 1133; x_wconf 88' lang='lat'><strong>51.</strong></span> <span class='ocrx_word' id='word_1_61' title='bbox 3034 1063 3368 1136; x_wconf 81' lang='lat' dir='ltr'><strong>&#39;tanquam</strong></span> <span class='ocrx_word' id='word_1_62' title='bbox 3415 1057 3804 1139; x_wconf 85' lang='lat' dir='ltr'><strong>exemplum</strong></span> <span class='ocrx_word' id='word_1_63' title='bbox 3851 1059 4329 1140; x_wconf 86' lang='lat' dir='ltr'><strong>ambiguitatis</strong></span> 
     </span>
     <span class='ocr_line' id='line_1_8' title="bbox 716 1159 4325 1246; baseline 0.001 -23"><span class='ocrx_word' id='word_1_64' title='bbox 716 1163 917 1223; x_wconf 60' lang='lat' dir='ltr'><strong>alfsi-t</strong></span> <span class='ocrx_word' id='word_1_65' title='bbox 985 1179 1049 1223; x_wconf 70' lang='lat' dir='ltr'><strong>st</strong></span> <span class='ocrx_word' id='word_1_66' title='bbox 1117 1163 1209 1223; x_wconf 73' lang='lat' dir='ltr'><strong>ita</strong></span> <span class='ocrx_word' id='word_1_67' title='bbox 1277 1159 1686 1243; x_wconf 61' lang='lat' dir='ltr'><strong>explicavit,</strong></span> <span class='ocrx_word' id='word_1_68' title='bbox 1750 1169 1826 1222; x_wconf 90' lang='lat' dir='ltr'><strong>ut</strong></span> <span class='ocrx_word' id='word_1_69' title='bbox 1887 1161 2047 1223; x_wconf 88' lang='lat' dir='ltr'><strong>dum</strong></span> <span class='ocrx_word' id='word_1_70' title='bbox 2110 1160 2414 1233; x_wconf 89' lang='lat' dir='ltr'><strong>viveret,</strong></span> <span class='ocrx_word' id='word_1_71' title='bbox 2478 1162 2771 1225; x_wconf 87' lang='lat' dir='ltr'><strong>infames</strong></span> <span class='ocrx_word' id='word_1_72' title='bbox 2832 1161 3131 1225; x_wconf 81' lang='lat' dir='ltr'><strong>feminae</strong></span> <span class='ocrx_word' id='word_1_73' title='bbox 3192 1163 3339 1225; x_wconf 93' lang='lat' dir='ltr'><strong>eius</strong></span> <span class='ocrx_word' id='word_1_74' title='bbox 3402 1164 3676 1226; x_wconf 91' lang='lat' dir='ltr'><strong>domum</strong></span> <span class='ocrx_word' id='word_1_75' title='bbox 3722 1174 4049 1246; x_wconf 90' lang='lat' dir='ltr'><strong>tanquam</strong></span> <span class='ocrx_word' id='word_1_76' title='bbox 4097 1166 4325 1229; x_wconf 88' lang='lat' dir='ltr'><strong>ludum</strong></span> 
     </span>
     <span class='ocr_line' id='line_1_9' title="bbox 720 1265 4323 1355; baseline 0.001 -24"><span class='ocrx_word' id='word_1_77' title='bbox 720 1271 1229 1351; x_wconf 65' lang='lat' dir='ltr'><strong>frequsntasss.</strong></span> <span class='ocrx_word' id='word_1_78' title='bbox 1301 1276 1459 1347; x_wconf 68' lang='lat' dir='ltr'><strong>post</strong></span> <span class='ocrx_word' id='word_1_79' title='bbox 1522 1265 1667 1346; x_wconf 88' lang='lat' dir='ltr'><strong>ejus</strong></span> <span class='ocrx_word' id='word_1_80' title='bbox 1730 1277 2022 1328; x_wconf 89' lang='lat' dir='ltr'><strong>mortem</strong></span> <span class='ocrx_word' id='word_1_81' title='bbox 2084 1268 2272 1330; x_wconf 90' lang='lat' dir='ltr'><strong>bona</strong></span> <span class='ocrx_word' id='word_1_82' title='bbox 2336 1266 2483 1349; x_wconf 87' lang='lat' dir='ltr'><strong>ejus</strong></span> <span class='ocrx_word' id='word_1_83' title='bbox 2531 1289 2656 1351; x_wconf 93' lang='lat' dir='ltr'><strong>per</strong></span> <span class='ocrx_word' id='word_1_84' title='bbox 2702 1270 3078 1353; x_wconf 89' lang='lat' dir='ltr'><strong>magistros</strong></span> <span class='ocrx_word' id='word_1_85' title='bbox 3128 1272 3189 1352; x_wconf 90' lang='lat' dir='ltr'><strong>(i.</strong></span> <span class='ocrx_word' id='word_1_86' title='bbox 3240 1291 3299 1336; x_wconf 90' lang='lat' dir='ltr'><strong>e.</strong></span> <span class='ocrx_word' id='word_1_87' title='bbox 3348 1272 3533 1334; x_wconf 85' lang='lat' dir='ltr'><strong>viros</strong></span> <span class='ocrx_word' id='word_1_88' title='bbox 3578 1293 3621 1334; x_wconf 90' lang='lat' dir='ltr'><strong>a</strong></span> <span class='ocrx_word' id='word_1_89' title='bbox 3669 1282 3993 1355; x_wconf 90' lang='lat' dir='ltr'><strong>praetore</strong></span> <span class='ocrx_word' id='word_1_90' title='bbox 4039 1283 4323 1355; x_wconf 90' lang='lat' dir='ltr'><strong>propter</strong></span> 
     </span>
     <span class='ocr_line' id='line_1_10' title="bbox 716 1374 3019 1455; baseline 0 -16"><span class='ocrx_word' id='word_1_91' title='bbox 716 1399 833 1439; x_wconf 69' lang='lat' dir='ltr'><strong>sss</strong></span> <span class='ocrx_word' id='word_1_92' title='bbox 881 1379 1173 1439; x_wconf 70' lang='lat' dir='ltr'><strong>slisnum</strong></span> <span class='ocrx_word' id='word_1_93' title='bbox 1221 1379 1611 1439; x_wconf 70' lang='lat' dir='ltr'><strong>auctionem</strong></span> <span class='ocrx_word' id='word_1_94' title='bbox 1655 1375 1917 1437; x_wconf 89' lang='lat' dir='ltr'><strong>habere</strong></span> <span class='ocrx_word' id='word_1_95' title='bbox 1961 1374 2214 1455; x_wconf 92' lang='lat' dir='ltr'><strong>iussos)</strong></span> <span class='ocrx_word' id='word_1_96' title='bbox 2261 1376 2562 1440; x_wconf 90' lang='lat' dir='ltr'><strong>veniisse</strong></span> <span class='ocrx_word' id='word_1_97' title='bbox 2610 1376 3019 1440; x_wconf 88' lang='lat' dir='ltr'><strong>dicerentur.</strong></span> 
     </span>
    </p>
   </div>
   <div class='ocr_carea' id='block_1_5' title="bbox 712 1488 4328 1676">
    <p class='ocr_par' dir='ltr' id='par_1_5' title="bbox 712 1488 4328 1676">
     <span class='ocr_line' id='line_1_11' title="bbox 1033 1488 4328 1576; baseline 0.002 -25"><span class='ocrx_word' id='word_1_98' title='bbox 1033 1495 1121 1551; x_wconf 67' lang='lat' dir='ltr'><strong>tis</strong></span> <span class='ocrx_word' id='word_1_99' title='bbox 1169 1493 1325 1571; x_wconf 68' lang='lat' dir='ltr'><strong>legs·</strong></span> <span class='ocrx_word' id='word_1_100' title='bbox 1373 1510 1518 1572; x_wconf 76' lang='lat' dir='ltr'><strong>agr.</strong></span> <span class='ocrx_word' id='word_1_101' title='bbox 1569 1488 1651 1551; x_wconf 91' lang='lat' dir='ltr'><strong>II.</strong></span> <span class='ocrx_word' id='word_1_102' title='bbox 1714 1508 1866 1551; x_wconf 90' lang='lat'>102:</span> <span class='ocrx_word' id='word_1_103' title='bbox 1917 1509 2053 1552; x_wconf 88' lang='lat' dir='ltr'><strong>non</strong></span> <span class='ocrx_word' id='word_1_104' title='bbox 2101 1491 2308 1553; x_wconf 89' lang='lat' dir='ltr'><strong>modo</strong></span> <span class='ocrx_word' id='word_1_105' title='bbox 2358 1511 2486 1554; x_wconf 89' lang='lat' dir='ltr'><strong>vos</strong></span> <span class='ocrx_word' id='word_1_106' title='bbox 2534 1491 2724 1553; x_wconf 88' lang='lat' dir='ltr'><strong>eritis</strong></span> <span class='ocrx_word' id='word_1_107' title='bbox 2772 1491 2843 1554; x_wconf 92' lang='lat' dir='ltr'><strong>in</strong></span> <span class='ocrx_word' id='word_1_108' title='bbox 2889 1491 3033 1555; x_wconf 92' lang='lat' dir='ltr'><strong>otio</strong></span> <span class='ocrx_word' id='word_1_109' title='bbox 3090 1530 3160 1539; x_wconf 94' lang='lat'>—</span> <span class='ocrx_word' id='word_1_110' title='bbox 3216 1529 3331 1567; x_wconf 91' lang='grc'><strong>--,</strong></span> <span class='ocrx_word' id='word_1_111' title='bbox 3381 1514 3620 1557; x_wconf 86' lang='lat' dir='ltr'><strong>verum</strong></span> <span class='ocrx_word' id='word_1_112' title='bbox 3667 1495 3874 1558; x_wconf 90' lang='lat' dir='ltr'><strong>etiam</strong></span> <span class='ocrx_word' id='word_1_113' title='bbox 3921 1494 4129 1569; x_wconf 86' lang='lat' dir='ltr'><strong>istos,</strong></span> <span class='ocrx_word' id='word_1_114' title='bbox 4180 1497 4328 1576; x_wconf 90' lang='lat' dir='ltr'><strong>qui-</strong></span> 
     </span>
     <span class='ocr_line' id='line_1_12' title="bbox 712 1595 2854 1676; baseline 0 -17"><span class='ocrx_word' id='word_1_115' title='bbox 712 1599 841 1659; x_wconf 79' lang='lat' dir='ltr'><strong>bus</strong></span> <span class='ocrx_word' id='word_1_116' title='bbox 893 1599 1093 1659; x_wconf 71' lang='lat' dir='ltr'><strong>stinsi</strong></span> <span class='ocrx_word' id='word_1_117' title='bbox 1145 1599 1357 1659; x_wconf 69' lang='lat' dir='ltr'><strong>stium</strong></span> <span class='ocrx_word' id='word_1_118' title='bbox 1409 1595 1829 1670; x_wconf 74' lang='lat' dir='ltr'><strong>fecissemus,</strong></span> <span class='ocrx_word' id='word_1_119' title='bbox 1879 1615 2101 1676; x_wconf 90' lang='lat' dir='ltr'><strong>aeque</strong></span> <span class='ocrx_word' id='word_1_120' title='bbox 2147 1596 2501 1658; x_wconf 88' lang='lat' dir='ltr'><strong>otiosos</strong></span> <span class='ocrx_word' id='word_1_121' title='bbox 2548 1599 2854 1660; x_wconf 89' lang='lat' dir='ltr'><strong>reddam.</strong></span> 
     </span>
    </p>
   </div>
   <div class='ocr_carea' id='block_1_6' title="bbox 712 1711 4326 1897">
    <p class='ocr_par' dir='ltr' id='par_1_6' title="bbox 712 1711 4326 1897">
     <span class='ocr_line' id='line_1_13' title="bbox 1033 1711 4326 1800; baseline 0.002 -25"><span class='ocrx_word' id='word_1_122' title='bbox 1033 1715 1097 1775; x_wconf 77' lang='lat' dir='ltr'><strong>in</strong></span> <span class='ocrx_word' id='word_1_123' title='bbox 1149 1715 1297 1775; x_wconf 69' lang='lat' dir='ltr'><strong>Cat.</strong></span> <span class='ocrx_word' id='word_1_124' title='bbox 1353 1715 1429 1775; x_wconf 84' lang='grc' dir='ltr'><strong>ΙΙ.</strong></span> <span class='ocrx_word' id='word_1_125' title='bbox 1492 1714 1601 1775; x_wconf 88' lang='lat'><strong>18:</strong></span> <span class='ocrx_word' id='word_1_126' title='bbox 1663 1731 1919 1794; x_wconf 85' lang='lat' dir='ltr'><strong>magno</strong></span> <span class='ocrx_word' id='word_1_127' title='bbox 1968 1712 2034 1774; x_wconf 89' lang='lat' dir='ltr'><strong>in</strong></span> <span class='ocrx_word' id='word_1_128' title='bbox 2083 1731 2246 1774; x_wconf 89' lang='lat' dir='ltr'><strong>aere</strong></span> <span class='ocrx_word' id='word_1_129' title='bbox 2292 1711 2515 1774; x_wconf 89' lang='lat' dir='ltr'><strong>alieno</strong></span> <span class='ocrx_word' id='word_1_130' title='bbox 2562 1712 2860 1793; x_wconf 88' lang='lat' dir='ltr'><strong>majores</strong></span> <span class='ocrx_word' id='word_1_131' title='bbox 2907 1713 3116 1776; x_wconf 88' lang='lat' dir='ltr'><strong>etiam</strong></span> <span class='ocrx_word' id='word_1_132' title='bbox 3161 1717 3645 1798; x_wconf 88' lang='lat' dir='ltr'><strong>possessiones</strong></span> <span class='ocrx_word' id='word_1_133' title='bbox 3692 1719 3989 1792; x_wconf 89' lang='lat' dir='ltr'><strong>habent,</strong></span> <span class='ocrx_word' id='word_1_134' title='bbox 4038 1738 4326 1800; x_wconf 90' lang='lat' dir='ltr'><strong>quarum</strong></span> 
     </span>
     <span class='ocr_line' id='line_1_14' title="bbox 712 1818 2552 1897; baseline -0.002 -14"><span class='ocrx_word' id='word_1_135' title='bbox 712 1843 945 1883; x_wconf 64' lang='lat' dir='ltr'><strong>ami-irs</strong></span> <span class='ocrx_word' id='word_1_136' title='bbox 993 1823 1269 1883; x_wconf 71' lang='lat' dir='ltr'><strong>adducti</strong></span> <span class='ocrx_word' id='word_1_137' title='bbox 1325 1818 1709 1880; x_wconf 80' lang='lat' dir='ltr'><strong>dissolvi</strong></span> <span class='ocrx_word' id='word_1_138' title='bbox 1755 1818 1936 1880; x_wconf 91' lang='lat' dir='ltr'><strong>nullo</strong></span> <span class='ocrx_word' id='word_1_139' title='bbox 1984 1818 2192 1880; x_wconf 90' lang='lat' dir='ltr'><strong>modo</strong></span> <span class='ocrx_word' id='word_1_140' title='bbox 2241 1827 2552 1897; x_wconf 88' lang='lat' dir='ltr'><strong>possunt.</strong></span> 
     </span>
    </p>
   </div>
   <div class='ocr_carea' id='block_1_7' title="bbox 1029 1931 3837 2014">
    <p class='ocr_par' dir='ltr' id='par_1_7' title="bbox 1029 1931 3837 2014">
     <span class='ocr_line' id='line_1_15' title="bbox 1029 1931 3837 2014; baseline 0.001 -19"><span class='ocrx_word' id='word_1_141' title='bbox 1029 1935 1225 1996; x_wconf 60' lang='lat' dir='ltr'><strong>ibid:</strong></span> <span class='ocrx_word' id='word_1_142' title='bbox 1277 1955 1429 1995; x_wconf 65' lang='lat' dir='ltr'><strong>mss</strong></span> <span class='ocrx_word' id='word_1_143' title='bbox 1473 1931 1812 1996; x_wconf 90' lang='lat' dir='ltr'><strong>beneficio</strong></span> <span class='ocrx_word' id='word_1_144' title='bbox 1862 1933 2228 1995; x_wconf 90' lang='lat' dir='ltr'><strong>tabulae</strong></span> <span class='ocrx_word' id='word_1_145' title='bbox 2276 1952 2503 1995; x_wconf 89' lang='lat' dir='ltr'><strong>novae</strong></span> <span class='ocrx_word' id='word_1_146' title='bbox 2548 1931 3013 2014; x_wconf 86' lang='lat' dir='ltr'><strong>proferuntur,</strong></span> <span class='ocrx_word' id='word_1_147' title='bbox 3063 1954 3302 1997; x_wconf 89' lang='lat' dir='ltr'><strong>verum</strong></span> <span class='ocrx_word' id='word_1_148' title='bbox 3348 1936 3837 1999; x_wconf 88' lang='lat' dir='ltr'><strong>auctionariae.</strong></span> 
     </span>
    </p>
   </div>
   <div class='ocr_carea' id='block_1_8' title="bbox 708 2048 4323 2243">
    <p class='ocr_par' dir='ltr' id='par_1_8' title="bbox 708 2048 4323 2243">
     <span class='ocr_line' id='line_1_16' title="bbox 1029 2048 4323 2136; baseline 0.002 -25"><span class='ocrx_word' id='word_1_149' title='bbox 1029 2075 1093 2131; x_wconf 75' lang='lat' dir='ltr'><strong>p.</strong></span> <span class='ocrx_word' id='word_1_150' title='bbox 1149 2051 1369 2111; x_wconf 69' lang='lat' dir='ltr'><strong>Flsss.</strong></span> <span class='ocrx_word' id='word_1_151' title='bbox 1425 2070 1539 2127; x_wconf 76' lang='lat'><strong>43:</strong></span> <span class='ocrx_word' id='word_1_152' title='bbox 1599 2048 1983 2131; x_wconf 89' lang='lat' dir='ltr'><strong>(Lysanias)</strong></span> <span class='ocrx_word' id='word_1_153' title='bbox 2047 2068 2200 2110; x_wconf 89' lang='lat' dir='ltr'><strong>cum</strong></span> <span class='ocrx_word' id='word_1_154' title='bbox 2263 2048 2755 2130; x_wconf 88' lang='lat' dir='ltr'><strong>rempublicam</strong></span> <span class='ocrx_word' id='word_1_155' title='bbox 2815 2050 3094 2113; x_wconf 90' lang='lat' dir='ltr'><strong>nimium</strong></span> <span class='ocrx_word' id='word_1_156' title='bbox 3156 2052 3899 2134; x_wconf 85' lang='lat' dir='ltr'><strong>amplecteretur,</strong></span> <span class='ocrx_word' id='word_1_157' title='bbox 3965 2054 4323 2136; x_wconf 88' lang='lat' dir='ltr'><strong>peculatus</strong></span> 
     </span>
     <span class='ocr_line' id='line_1_17' title="bbox 708 2154 4230 2243; baseline 0.001 -24"><span class='ocrx_word' id='word_1_158' title='bbox 708 2159 1073 2219; x_wconf 68' lang='lat' dir='ltr'><strong>damni-itus</strong></span> <span class='ocrx_word' id='word_1_159' title='bbox 1121 2163 1301 2227; x_wconf 72' lang='lat' dir='ltr'><strong>snam</strong></span> <span class='ocrx_word' id='word_1_160' title='bbox 1349 2171 1417 2219; x_wconf 77' lang='lat' dir='ltr'><strong>st</strong></span> <span class='ocrx_word' id='word_1_161' title='bbox 1466 2155 1582 2237; x_wconf 89' lang='lat' dir='ltr'><strong>qui</strong></span> <span class='ocrx_word' id='word_1_162' title='bbox 1631 2154 1852 2236; x_wconf 85' lang='lat' dir='ltr'><strong>diligit</strong></span> <span class='ocrx_word' id='word_1_163' title='bbox 1898 2154 2334 2237; x_wconf 88' lang='lat' dir='ltr'><strong>amplectitur</strong></span> <span class='ocrx_word' id='word_1_164' title='bbox 2383 2165 2453 2217; x_wconf 91' lang='lat' dir='ltr'><strong>et</strong></span> <span class='ocrx_word' id='word_1_165' title='bbox 2500 2156 2615 2237; x_wconf 92' lang='lat' dir='ltr'><strong>qui</strong></span> <span class='ocrx_word' id='word_1_166' title='bbox 2665 2156 2917 2239; x_wconf 90' lang='lat' dir='ltr'><strong>spoliat</strong></span> <span class='ocrx_word' id='word_1_167' title='bbox 2963 2167 3034 2220; x_wconf 91' lang='lat' dir='ltr'><strong>et</strong></span> <span class='ocrx_word' id='word_1_168' title='bbox 3080 2157 3430 2243; x_wconf 88' lang='lat' dir='ltr'><strong>intercipit</strong></span> <span class='ocrx_word' id='word_1_169' title='bbox 3476 2159 3732 2239; x_wconf 91' lang='lat' dir='ltr'><strong>aliquid</strong></span> <span class='ocrx_word' id='word_1_170' title='bbox 3779 2179 3871 2222; x_wconf 81' lang='lat' dir='ltr'><strong>ex</strong></span> <span class='ocrx_word' id='word_1_171' title='bbox 3917 2160 4230 2242; x_wconf 87' lang='lat' dir='ltr'><strong>aerario).</strong></span> 
     </span>
    </p>
   </div>
   <div class='ocr_carea' id='block_1_9' title="bbox 704 2279 4319 2576">
    <p class='ocr_par' dir='ltr' id='par_1_9' title="bbox 704 2279 4319 2576">
     <span class='ocr_line' id='line_1_18' title="bbox 1029 2279 4319 2365; baseline 0.002 -22"><span class='ocrx_word' id='word_1_172' title='bbox 1029 2283 1101 2343; x_wconf 83' lang='lat' dir='ltr'><strong>In</strong></span> <span class='ocrx_word' id='word_1_173' title='bbox 1153 2295 1353 2343; x_wconf 68' lang='lat' dir='ltr'><strong>srstt.</strong></span> <span class='ocrx_word' id='word_1_174' title='bbox 1405 2302 1468 2363; x_wconf 87' lang='lat' dir='ltr'><strong>p.</strong></span> <span class='ocrx_word' id='word_1_175' title='bbox 1518 2281 1658 2343; x_wconf 89' lang='lat' dir='ltr'><strong>red.</strong></span> <span class='ocrx_word' id='word_1_176' title='bbox 1709 2279 2188 2361; x_wconf 89' lang='lat' dir='ltr'><strong>ambiguarum</strong></span> <span class='ocrx_word' id='word_1_177' title='bbox 2235 2279 2829 2353; x_wconf 89' lang='lat' dir='ltr'><strong>contumeliarum,</strong></span> <span class='ocrx_word' id='word_1_178' title='bbox 2893 2300 3074 2361; x_wconf 88' lang='lat' dir='ltr'><strong>quae</strong></span> <span class='ocrx_word' id='word_1_179' title='bbox 3116 2283 3240 2346; x_wconf 85' lang='lat' dir='ltr'><strong>vix</strong></span> <span class='ocrx_word' id='word_1_180' title='bbox 3286 2282 3581 2346; x_wconf 86' lang='lat' dir='ltr'><strong>facetiae</strong></span> <span class='ocrx_word' id='word_1_181' title='bbox 3626 2284 3961 2347; x_wconf 87' lang='lat' dir='ltr'><strong>nominari</strong></span> <span class='ocrx_word' id='word_1_182' title='bbox 4007 2295 4319 2365; x_wconf 89' lang='lat' dir='ltr'><strong>possunt,</strong></span> 
     </span>
     <span class='ocr_line' id='line_1_19' title="bbox 704 2386 4319 2471; baseline 0.001 -20"><span class='ocrx_word' id='word_1_183' title='bbox 704 2411 941 2451; x_wconf 69' lang='lat' dir='ltr'><strong>ansam</strong></span> <span class='ocrx_word' id='word_1_184' title='bbox 997 2387 1313 2471; x_wconf 74' lang='lat' dir='ltr'><strong>praebuit</strong></span> <span class='ocrx_word' id='word_1_185' title='bbox 1365 2388 1599 2451; x_wconf 71' lang='lat' dir='ltr'><strong>Clodia</strong></span> <span class='ocrx_word' id='word_1_186' title='bbox 1643 2387 1781 2449; x_wconf 90' lang='lat' dir='ltr'><strong>ista</strong></span> <span class='ocrx_word' id='word_1_187' title='bbox 1827 2386 2367 2467; x_wconf 79' lang='lat' dir='ltr'><strong>Quadrantaria,</strong></span> <span class='ocrx_word' id='word_1_188' title='bbox 2429 2407 2582 2449; x_wconf 91' lang='lat' dir='ltr'><strong>curn</strong></span> <span class='ocrx_word' id='word_1_189' title='bbox 2641 2407 2778 2469; x_wconf 90' lang='lat' dir='ltr'><strong>qua</strong></span> <span class='ocrx_word' id='word_1_190' title='bbox 2832 2398 2903 2450; x_wconf 92' lang='lat' dir='ltr'><strong>et</strong></span> <span class='ocrx_word' id='word_1_191' title='bbox 2958 2388 3243 2453; x_wconf 84' lang='lat' dir='ltr'><strong>fratrem</strong></span> <span class='ocrx_word' id='word_1_192' title='bbox 3289 2389 3602 2453; x_wconf 89' lang='lat' dir='ltr'><strong>Publium</strong></span> <span class='ocrx_word' id='word_1_193' title='bbox 3662 2400 3733 2453; x_wconf 92' lang='lat' dir='ltr'><strong>et</strong></span> <span class='ocrx_word' id='word_1_194' title='bbox 3794 2389 3941 2471; x_wconf 90' lang='lat' dir='ltr'><strong>ejus</strong></span> <span class='ocrx_word' id='word_1_195' title='bbox 4002 2391 4319 2454; x_wconf 90' lang='lat' dir='ltr'><strong>libertum</strong></span> 
     </span>
     <span class='ocr_line' id='line_1_20' title="bbox 704 2492 4040 2576; baseline 0 -17"><span class='ocrx_word' id='word_1_196' title='bbox 704 2495 997 2559; x_wconf 63' lang='lat' dir='ltr'><strong>sextum</strong></span> <span class='ocrx_word' id='word_1_197' title='bbox 1049 2495 1357 2559; x_wconf 67' lang='lat' dir='ltr'><strong>Clodium</strong></span> <span class='ocrx_word' id='word_1_198' title='bbox 1409 2505 1719 2575; x_wconf 80' lang='lat' dir='ltr'><strong>stuprum</strong></span> <span class='ocrx_word' id='word_1_199' title='bbox 1765 2492 2017 2555; x_wconf 84' lang='lat' dir='ltr'><strong>fecisse</strong></span> <span class='ocrx_word' id='word_1_200' title='bbox 2062 2494 2313 2576; x_wconf 89' lang='lat' dir='ltr'><strong>arguit.</strong></span> <span class='ocrx_word' id='word_1_201' title='bbox 2410 2492 2589 2556; x_wconf 89' lang='lat' dir='ltr'><strong>Hinc</strong></span> <span class='ocrx_word' id='word_1_202' title='bbox 2636 2493 2810 2556; x_wconf 88' lang='lat' dir='ltr'><strong>haec</strong></span> <span class='ocrx_word' id='word_1_203' title='bbox 2856 2496 3353 2560; x_wconf 90' lang='lat' dir='ltr'><strong>contumeliose</strong></span> <span class='ocrx_word' id='word_1_204' title='bbox 3401 2498 3588 2560; x_wconf 91' lang='lat' dir='ltr'><strong>dicta</strong></span> <span class='ocrx_word' id='word_1_205' title='bbox 3633 2509 3799 2560; x_wconf 89' lang='lat' dir='ltr'><strong>nata</strong></span> <span class='ocrx_word' id='word_1_206' title='bbox 3845 2508 4040 2561; x_wconf 88' lang='lat' dir='ltr'><strong>sunt:</strong></span> 
     </span>
    </p>
   </div>
   <div class='ocr_carea' id='block_1_10' title="bbox 700 2615 4318 3129">
    <p class='ocr_par' dir='ltr' id='par_1_10' title="bbox 700 2615 4318 3129">
     <span class='ocr_line' id='line_1_21' title="bbox 1025 2615 4318 2704; baseline 0.002 -25"><span class='ocrx_word' id='word_1_207' title='bbox 1025 2639 1089 2699; x_wconf 74' lang='lat' dir='ltr'><strong>p.</strong></span> <span class='ocrx_word' id='word_1_208' title='bbox 1149 2623 1329 2679; x_wconf 73' lang='lat' dir='ltr'><strong>[ism.</strong></span> <span class='ocrx_word' id='word_1_209' title='bbox 1381 2637 1499 2699; x_wconf 73' lang='lat'><strong>9²²</strong></span> <span class='ocrx_word' id='word_1_210' title='bbox 1564 2618 1651 2679; x_wconf 89' lang='lat' dir='ltr'><strong>ad</strong></span> <span class='ocrx_word' id='word_1_211' title='bbox 1717 2615 2060 2679; x_wconf 90' lang='lat' dir='ltr'><strong>Clodium:</strong></span> <span class='ocrx_word' id='word_1_212' title='bbox 2129 2616 2349 2695; x_wconf 86' lang='lat' dir='ltr'><strong>„Vide</strong></span> <span class='ocrx_word' id='word_1_213' title='bbox 2412 2636 2499 2680; x_wconf 91' lang='lat' dir='ltr'><strong>ne</strong></span> <span class='ocrx_word' id='word_1_214' title='bbox 2560 2626 2635 2680; x_wconf 92' lang='lat' dir='ltr'><strong>tu</strong></span> <span class='ocrx_word' id='word_1_215' title='bbox 2697 2628 2768 2681; x_wconf 90' lang='lat' dir='ltr'><strong>te</strong></span> <span class='ocrx_word' id='word_1_216' title='bbox 2829 2620 3090 2682; x_wconf 89' lang='lat' dir='ltr'><strong>debeas</strong></span> <span class='ocrx_word' id='word_1_217' title='bbox 3151 2620 3394 2700; x_wconf 89' lang='lat' dir='ltr'><strong>Jovem</strong></span> <span class='ocrx_word' id='word_1_218' title='bbox 3457 2622 3720 2695; x_wconf 89' lang='lat' dir='ltr'><strong>dicere,</strong></span> <span class='ocrx_word' id='word_1_219' title='bbox 3786 2623 3974 2703; x_wconf 91' lang='lat' dir='ltr'><strong>quod</strong></span> <span class='ocrx_word' id='word_1_220' title='bbox 4036 2632 4110 2685; x_wconf 90' lang='lat' dir='ltr'><strong>tu</strong></span> <span class='ocrx_word' id='word_1_221' title='bbox 4168 2622 4318 2704; x_wconf 89' lang='lat' dir='ltr'><strong>jure</strong></span> 
     </span>
     <span class='ocr_line' id='line_1_22' title="bbox 704 2724 4318 2811; baseline 0.001 -20"><span class='ocrx_word' id='word_1_222' title='bbox 704 2731 989 2791; x_wconf 64' lang='lat' dir='ltr'><strong>eandem</strong></span> <span class='ocrx_word' id='word_1_223' title='bbox 1065 2747 1365 2787; x_wconf 64' lang='lat' dir='ltr'><strong>sorni-em</strong></span> <span class='ocrx_word' id='word_1_224' title='bbox 1439 2733 1511 2787; x_wconf 91' lang='lat' dir='ltr'><strong>et</strong></span> <span class='ocrx_word' id='word_1_225' title='bbox 1574 2744 1863 2786; x_wconf 85' lang='lat' dir='ltr'><strong>uxorem</strong></span> <span class='ocrx_word' id='word_1_226' title='bbox 1935 2724 2285 2809; x_wconf 87' lang='lat' dir='ltr'><strong>appellare</strong></span> <span class='ocrx_word' id='word_1_227' title='bbox 2355 2725 2663 2808; x_wconf 86' lang='lat' dir='ltr'><strong>possis“;</strong></span> <span class='ocrx_word' id='word_1_228' title='bbox 2746 2726 2832 2787; x_wconf 90' lang='lat' dir='ltr'><strong>de</strong></span> <span class='ocrx_word' id='word_1_229' title='bbox 2899 2726 3046 2790; x_wconf 89' lang='lat' dir='ltr'><strong>har.</strong></span> <span class='ocrx_word' id='word_1_230' title='bbox 3127 2747 3308 2809; x_wconf 92' lang='lat' dir='ltr'><strong>resp.</strong></span> <span class='ocrx_word' id='word_1_231' title='bbox 3377 2748 3458 2807; x_wconf 87' lang='lat'><strong>39</strong></span> <span class='ocrx_word' id='word_1_232' title='bbox 3522 2747 3810 2791; x_wconf 80' lang='lat' dir='ltr'><strong>uxorem</strong></span> <span class='ocrx_word' id='word_1_233' title='bbox 3874 2748 4318 2811; x_wconf 89' lang='lat' dir='ltr'><strong>sororemque</strong></span> 
     </span>
     <span class='ocr_line' id='line_1_23' title="bbox 700 2830 4317 2918; baseline 0 -19"><span class='ocrx_word' id='word_1_234' title='bbox 700 2859 837 2899; x_wconf 66' lang='lat' dir='ltr'><strong>non</strong></span> <span class='ocrx_word' id='word_1_235' title='bbox 889 2835 1257 2903; x_wconf 67' lang='lat' dir='ltr'><strong>discernis:</strong></span> <span class='ocrx_word' id='word_1_236' title='bbox 1325 2835 1409 2895; x_wconf 72' lang='lat' dir='ltr'><strong>[ef.</strong></span> <span class='ocrx_word' id='word_1_237' title='bbox 1457 2852 1523 2914; x_wconf 93' lang='lat' dir='ltr'><strong>p.</strong></span> <span class='ocrx_word' id='word_1_238' title='bbox 1575 2830 1756 2895; x_wconf 87' lang='lat' dir='ltr'><strong>Sest.</strong></span> <span class='ocrx_word' id='word_1_239' title='bbox 1821 2837 1957 2896; x_wconf 86' lang='lat'><strong>116.</strong></span> <span class='ocrx_word' id='word_1_240' title='bbox 2007 2833 2234 2895; x_wconf 89' lang='lat' dir='ltr'><strong>omnia</strong></span> <span class='ocrx_word' id='word_1_241' title='bbox 2280 2833 2540 2897; x_wconf 89' lang='lat' dir='ltr'><strong>sororis</strong></span> <span class='ocrx_word' id='word_1_242' title='bbox 2590 2834 2885 2897; x_wconf 89' lang='lat' dir='ltr'><strong>embolia</strong></span> <span class='ocrx_word' id='word_1_243' title='bbox 2930 2835 3159 2909; x_wconf 78' lang='lat' dir='ltr'><strong>novit3</strong></span> <span class='ocrx_word' id='word_1_244' title='bbox 3224 2855 3291 2918; x_wconf 93' lang='lat' dir='ltr'><strong>p.</strong></span> <span class='ocrx_word' id='word_1_245' title='bbox 3343 2833 3524 2898; x_wconf 91' lang='lat' dir='ltr'><strong>Cael.</strong></span> <span class='ocrx_word' id='word_1_246' title='bbox 3577 2855 3680 2914; x_wconf 88' lang='lat'><strong>32·</strong></span> <span class='ocrx_word' id='word_1_247' title='bbox 3731 2855 3884 2898; x_wconf 89' lang='lat' dir='ltr'><strong>cum</strong></span> <span class='ocrx_word' id='word_1_248' title='bbox 3930 2836 4127 2899; x_wconf 91' lang='lat' dir='ltr'><strong>istius</strong></span> <span class='ocrx_word' id='word_1_249' title='bbox 4174 2858 4317 2900; x_wconf 91' lang='lat' dir='ltr'><strong>mu-</strong></span> 
     </span>
     <span class='ocr_line' id='line_1_24' title="bbox 704 2939 4315 3026; baseline 0 -22"><span class='ocrx_word' id='word_1_250' title='bbox 704 2944 881 3004; x_wconf 71' lang='lat' dir='ltr'><strong>lieris</strong></span> <span class='ocrx_word' id='word_1_251' title='bbox 949 2944 1129 3004; x_wconf 62' lang='lat' dir='ltr'><strong>sim:</strong></span> <span class='ocrx_word' id='word_1_252' title='bbox 1201 2944 1411 3004; x_wconf 61' lang='lat' dir='ltr'><strong>fratrs</strong></span> <span class='ocrx_word' id='word_1_253' title='bbox 1473 2939 1656 3001; x_wconf 77' lang='lat' dir='ltr'><strong>volui</strong></span> <span class='ocrx_word' id='word_1_254' title='bbox 1721 2939 1982 3001; x_wconf 89' lang='lat' dir='ltr'><strong>dicere:</strong></span> <span class='ocrx_word' id='word_1_255' title='bbox 2047 2958 2319 3021; x_wconf 90' lang='lat' dir='ltr'><strong>semper</strong></span> <span class='ocrx_word' id='word_1_256' title='bbox 2366 2940 2478 3003; x_wconf 91' lang='lat' dir='ltr'><strong>hic</strong></span> <span class='ocrx_word' id='word_1_257' title='bbox 2526 2959 2716 3012; x_wconf 86' lang='lat' dir='ltr'><strong>erro;</strong></span> <span class='ocrx_word' id='word_1_258' title='bbox 2787 2944 2887 3019; x_wconf 91' lang='lat'><strong>78.</strong></span> <span class='ocrx_word' id='word_1_259' title='bbox 2953 2962 3107 3005; x_wconf 94' lang='lat' dir='ltr'><strong>cum</strong></span> <span class='ocrx_word' id='word_1_260' title='bbox 3154 2963 3281 3006; x_wconf 90' lang='lat' dir='ltr'><strong>suo</strong></span> <span class='ocrx_word' id='word_1_261' title='bbox 3330 2941 3627 3026; x_wconf 87' lang='lat' dir='ltr'><strong>conjuge</strong></span> <span class='ocrx_word' id='word_1_262' title='bbox 3675 2953 3745 3005; x_wconf 91' lang='lat' dir='ltr'><strong>et</strong></span> <span class='ocrx_word' id='word_1_263' title='bbox 3792 2942 4025 3006; x_wconf 90' lang='lat' dir='ltr'><strong>fratre.</strong></span> <span class='ocrx_word' id='word_1_264' title='bbox 4120 2942 4315 3023; x_wconf 79' lang='lat' dir='ltr'><strong>Quae</strong></span> 
     </span>
     <span class='ocr_line' id='line_1_25' title="bbox 700 3045 3526 3129; baseline -0.001 -16"><span class='ocrx_word' id='word_1_265' title='bbox 700 3072 765 3128; x_wconf 75' lang='lat' dir='ltr'><strong>p.</strong></span> <span class='ocrx_word' id='word_1_266' title='bbox 817 3052 997 3112; x_wconf 68' lang='lat' dir='ltr'><strong>dom.</strong></span> <span class='ocrx_word' id='word_1_267' title='bbox 1053 3072 1153 3128; x_wconf 70' lang='lat'><strong>25.</strong></span> <span class='ocrx_word' id='word_1_268' title='bbox 1205 3071 1305 3128; x_wconf 64' lang='lat'><strong>4?-</strong></span> <span class='ocrx_word' id='word_1_269' title='bbox 1357 3046 1446 3108; x_wconf 74' lang='lat' dir='ltr'><strong>sd</strong></span> <span class='ocrx_word' id='word_1_270' title='bbox 1493 3045 1959 3107; x_wconf 87' lang='lat' dir='ltr'><strong>taeterrimam</strong></span> <span class='ocrx_word' id='word_1_271' title='bbox 2008 3045 2499 3126; x_wconf 89' lang='lat' dir='ltr'><strong>impudicitiam</strong></span> <span class='ocrx_word' id='word_1_272' title='bbox 2546 3049 2914 3129; x_wconf 85' lang='lat' dir='ltr'><strong>pertinent,</strong></span> <span class='ocrx_word' id='word_1_273' title='bbox 2964 3050 3204 3112; x_wconf 90' lang='lat' dir='ltr'><strong>taedet</strong></span> <span class='ocrx_word' id='word_1_274' title='bbox 3248 3049 3526 3113; x_wconf 85' lang='lat' dir='ltr'><strong>referre.</strong></span> 
     </span>
    </p>
   </div>
   <div class='ocr_carea' id='block_1_11' title="bbox 696 3169 4310 3363">
    <p class='ocr_par' dir='ltr' id='par_1_11' title="bbox 696 3169 4310 3363">
     <span class='ocr_line' id='line_1_26' title="bbox 1021 3169 4310 3256; baseline 0.001 -24"><span class='ocrx_word' id='word_1_275' title='bbox 1021 3196 1081 3256; x_wconf 75' lang='lat' dir='ltr'><strong>p.</strong></span> <span class='ocrx_word' id='word_1_276' title='bbox 1149 3172 1325 3232; x_wconf 63' lang='lat' dir='ltr'><strong>Sest.</strong></span> <span class='ocrx_word' id='word_1_277' title='bbox 1397 3176 1472 3233; x_wconf 73' lang='lat'><strong>3:</strong></span> <span class='ocrx_word' id='word_1_278' title='bbox 1535 3169 1849 3251; x_wconf 82' lang='lat' dir='ltr'><strong>(Sestius)</strong></span> <span class='ocrx_word' id='word_1_279' title='bbox 1927 3171 2022 3233; x_wconf 90' lang='lat' dir='ltr'><strong>ita</strong></span> <span class='ocrx_word' id='word_1_280' title='bbox 2086 3191 2282 3232; x_wconf 90' lang='lat' dir='ltr'><strong>suum</strong></span> <span class='ocrx_word' id='word_1_281' title='bbox 2346 3172 2694 3234; x_wconf 87' lang='lat' dir='ltr'><strong>consulem</strong></span> <span class='ocrx_word' id='word_1_282' title='bbox 2757 3169 2854 3252; x_wconf 91' lang='lat' dir='ltr'><strong>(C.</strong></span> <span class='ocrx_word' id='word_1_283' title='bbox 2918 3173 3336 3246; x_wconf 87' lang='lat' dir='ltr'><strong>Antonium,</strong></span> <span class='ocrx_word' id='word_1_284' title='bbox 3410 3171 3761 3235; x_wconf 90' lang='lat' dir='ltr'><strong>Ciceronis</strong></span> <span class='ocrx_word' id='word_1_285' title='bbox 3823 3170 3890 3233; x_wconf 92' lang='lat' dir='ltr'><strong>in</strong></span> <span class='ocrx_word' id='word_1_286' title='bbox 3953 3171 4310 3234; x_wconf 88' lang='lat' dir='ltr'><strong>consulatu</strong></span> 
     </span>
     <span class='ocr_line' id='line_1_27' title="bbox 696 3277 4308 3363; baseline 0 -23"><span class='ocrx_word' id='word_1_287' title='bbox 696 3280 1049 3360; x_wconf 62' lang='lat' dir='ltr'><strong>collegam}</strong></span> <span class='ocrx_word' id='word_1_288' title='bbox 1097 3278 1669 3350; x_wconf 63' lang='lat' dir='ltr'><strong>observavit,</strong></span> <span class='ocrx_word' id='word_1_289' title='bbox 1735 3287 1811 3340; x_wconf 88' lang='lat' dir='ltr'><strong>ut</strong></span> <span class='ocrx_word' id='word_1_290' title='bbox 1869 3289 1939 3341; x_wconf 92' lang='lat' dir='ltr'><strong>et</strong></span> <span class='ocrx_word' id='word_1_291' title='bbox 1995 3277 2085 3340; x_wconf 92' lang='lat' dir='ltr'><strong>illi</strong></span> <span class='ocrx_word' id='word_1_292' title='bbox 2135 3288 2468 3359; x_wconf 84' lang='lat' dir='ltr'><strong>quaestor</strong></span> <span class='ocrx_word' id='word_1_293' title='bbox 2514 3279 2735 3341; x_wconf 88' lang='lat' dir='ltr'><strong>bonus</strong></span> <span class='ocrx_word' id='word_1_294' title='bbox 2784 3288 2857 3341; x_wconf 88' lang='lat' dir='ltr'><strong>et</strong></span> <span class='ocrx_word' id='word_1_295' title='bbox 2904 3279 3323 3363; x_wconf 90' lang='lat' dir='ltr'><strong>reipublicae</strong></span> <span class='ocrx_word' id='word_1_296' title='bbox 3371 3279 3670 3362; x_wconf 90' lang='lat' dir='ltr'><strong>optimus</strong></span> <span class='ocrx_word' id='word_1_297' title='bbox 3719 3278 3888 3341; x_wconf 90' lang='lat' dir='ltr'><strong>civis</strong></span> <span class='ocrx_word' id='word_1_298' title='bbox 3936 3278 4308 3341; x_wconf 87' lang='lat' dir='ltr'><strong>videretur.</strong></span> 
     </span>
    </p>
   </div>
   <div class='ocr_carea' id='block_1_12' title="bbox 1021 3402 3705 3484">
    <p class='ocr_par' dir='ltr' id='par_1_12' title="bbox 1021 3402 3705 3484">
     <span class='ocr_line' id='line_1_28' title="bbox 1021 3402 3705 3484; baseline -0.002 -15"><span class='ocrx_word' id='word_1_299' title='bbox 1021 3428 1133 3484; x_wconf 57' lang='lat' dir='ltr'><strong>ys:</strong></span> <span class='ocrx_word' id='word_1_300' title='bbox 1185 3404 1571 3468; x_wconf 69' lang='lat' dir='ltr'><strong>nomi-nibus</strong></span> <span class='ocrx_word' id='word_1_301' title='bbox 1620 3402 1687 3465; x_wconf 91' lang='lat' dir='ltr'><strong>in</strong></span> <span class='ocrx_word' id='word_1_302' title='bbox 1735 3402 2101 3465; x_wconf 90' lang='lat' dir='ltr'><strong>tabulas</strong></span> <span class='ocrx_word' id='word_1_303' title='bbox 2149 3403 2403 3476; x_wconf 90' lang='lat' dir='ltr'><strong>relatis,</strong></span> <span class='ocrx_word' id='word_1_304' title='bbox 2452 3421 2701 3466; x_wconf 91' lang='lat' dir='ltr'><strong>nomen</strong></span> <span class='ocrx_word' id='word_1_305' title='bbox 2748 3422 2945 3465; x_wconf 91' lang='lat' dir='ltr'><strong>suum</strong></span> <span class='ocrx_word' id='word_1_306' title='bbox 2993 3404 3080 3465; x_wconf 89' lang='lat' dir='ltr'><strong>de</strong></span> <span class='ocrx_word' id='word_1_307' title='bbox 3126 3404 3365 3466; x_wconf 89' lang='lat' dir='ltr'><strong>tabula</strong></span> <span class='ocrx_word' id='word_1_308' title='bbox 3410 3402 3705 3466; x_wconf 90' lang='lat' dir='ltr'><strong>sustulit.</strong></span> 
     </span>
    </p>
   </div>
   <div class='ocr_carea' id='block_1_13' title="bbox 688 3525 4310 3929">
    <p class='ocr_par' dir='ltr' id='par_1_13' title="bbox 688 3525 4310 3929">
     <span class='ocr_line' id='line_1_29' title="bbox 1013 3525 4310 3610; baseline -0.001 -18"><span class='ocrx_word' id='word_1_309' title='bbox 1013 3552 1077 3608; x_wconf 80' lang='lat' dir='ltr'><strong>p.</strong></span> <span class='ocrx_word' id='word_1_310' title='bbox 1149 3528 1327 3592; x_wconf 73' lang='lat' dir='ltr'><strong>Cael.</strong></span> <span class='ocrx_word' id='word_1_311' title='bbox 1381 3536 1453 3590; x_wconf 62' lang='grc' dir='ltr'><strong>ῶς</strong></span> <span class='ocrx_word' id='word_1_312' title='bbox 1516 3538 1592 3591; x_wconf 90' lang='lat' dir='ltr'><strong>ut</strong></span> <span class='ocrx_word' id='word_1_313' title='bbox 1654 3547 1809 3589; x_wconf 88' lang='lat' dir='ltr'><strong>eum</strong></span> <span class='ocrx_word' id='word_1_314' title='bbox 1871 3528 2379 3610; x_wconf 85' lang='lat' dir='ltr'><strong>poeniteat.</strong></span> <span class='ocrx_word' id='word_1_315' title='bbox 2443 3547 2582 3590; x_wconf 89' lang='lat' dir='ltr'><strong>non</strong></span> <span class='ocrx_word' id='word_1_316' title='bbox 2646 3525 3027 3590; x_wconf 85' lang='lat' dir='ltr'><strong>deformem</strong></span> <span class='ocrx_word' id='word_1_317' title='bbox 3089 3547 3247 3592; x_wconf 91' lang='lat' dir='ltr'><strong>esse</strong></span> <span class='ocrx_word' id='word_1_318' title='bbox 3310 3538 3566 3591; x_wconf 90' lang='lat' dir='ltr'><strong>natum.</strong></span> <span class='ocrx_word' id='word_1_319' title='bbox 3661 3526 3922 3609; x_wconf 79' lang='lat' dir='ltr'><strong>(Quod,</strong></span> <span class='ocrx_word' id='word_1_320' title='bbox 3987 3529 4310 3610; x_wconf 86' lang='lat' dir='ltr'><strong>quoniam</strong></span> 
     </span>
     <span class='ocr_line' id='line_1_30' title="bbox 692 3632 4306 3717; baseline 0.001 -21"><span class='ocrx_word' id='word_1_321' title='bbox 692 3636 801 3696; x_wconf 72' lang='lat' dir='ltr'><strong>ills</strong></span> <span class='ocrx_word' id='word_1_322' title='bbox 869 3636 1057 3696; x_wconf 62' lang='lat' dir='ltr'><strong>i-*srhi</strong></span> <span class='ocrx_word' id='word_1_323' title='bbox 1125 3635 1519 3716; x_wconf 67' lang='lat' dir='ltr'><strong>posuitsndi</strong></span> <span class='ocrx_word' id='word_1_324' title='bbox 1585 3632 1998 3717; x_wconf 89' lang='lat' dir='ltr'><strong>significatio</strong></span> <span class='ocrx_word' id='word_1_325' title='bbox 2061 3634 2320 3696; x_wconf 88' lang='lat' dir='ltr'><strong>usitata</strong></span> <span class='ocrx_word' id='word_1_326' title='bbox 2382 3643 2524 3708; x_wconf 90' lang='lat' dir='ltr'><strong>est,</strong></span> <span class='ocrx_word' id='word_1_327' title='bbox 2589 3634 2709 3696; x_wconf 83' lang='lat' dir='ltr'><strong>vix</strong></span> <span class='ocrx_word' id='word_1_328' title='bbox 2767 3635 2879 3696; x_wconf 91' lang='lat' dir='ltr'><strong>hic</strong></span> <span class='ocrx_word' id='word_1_329' title='bbox 2935 3654 3401 3711; x_wconf 86' lang='lat' dir='ltr'><strong>numerarem,</strong></span> <span class='ocrx_word' id='word_1_330' title='bbox 3465 3635 3594 3698; x_wconf 90' lang='lat' dir='ltr'><strong>nisi</strong></span> <span class='ocrx_word' id='word_1_331' title='bbox 3642 3632 3900 3698; x_wconf 89' lang='lat' dir='ltr'><strong>Gellius</strong></span> <span class='ocrx_word' id='word_1_332' title='bbox 3964 3634 4195 3698; x_wconf 89' lang='lat' dir='ltr'><strong>XVII.</strong></span> <span class='ocrx_word' id='word_1_333' title='bbox 4257 3656 4306 3698; x_wconf 90' lang='lat'><strong>1.</strong></span> 
     </span>
     <span class='ocr_line' id='line_1_31' title="bbox 692 3738 4308 3822; baseline 0.001 -22"><span class='ocrx_word' id='word_1_334' title='bbox 692 3740 1133 3804; x_wconf 68' lang='lat' dir='ltr'><strong>festivissime</strong></span> <span class='ocrx_word' id='word_1_335' title='bbox 1181 3756 1249 3804; x_wconf 71' lang='lat' dir='ltr'><strong>st</strong></span> <span class='ocrx_word' id='word_1_336' title='bbox 1301 3740 1714 3804; x_wconf 72' lang='lat' dir='ltr'><strong>facetissime</strong></span> <span class='ocrx_word' id='word_1_337' title='bbox 1762 3739 2017 3802; x_wconf 91' lang='lat' dir='ltr'><strong>dictum</strong></span> <span class='ocrx_word' id='word_1_338' title='bbox 2065 3738 2436 3813; x_wconf 89' lang='lat' dir='ltr'><strong>iudicaret,</strong></span> <span class='ocrx_word' id='word_1_339' title='bbox 2486 3741 2674 3822; x_wconf 91' lang='lat' dir='ltr'><strong>quod</strong></span> <span class='ocrx_word' id='word_1_340' title='bbox 2721 3742 3101 3805; x_wconf 82' lang='lat' dir='ltr'><strong>adversarii</strong></span> <span class='ocrx_word' id='word_1_341' title='bbox 3152 3741 3386 3806; x_wconf 91' lang='lat' dir='ltr'><strong>Caelio</strong></span> <span class='ocrx_word' id='word_1_342' title='bbox 3434 3742 3725 3805; x_wconf 82' lang='lat' dir='ltr'><strong>formam</strong></span> <span class='ocrx_word' id='word_1_343' title='bbox 3775 3742 4034 3804; x_wconf 88' lang='lat' dir='ltr'><strong>crimini</strong></span> <span class='ocrx_word' id='word_1_344' title='bbox 4082 3742 4308 3803; x_wconf 85' lang='lat' dir='ltr'><strong>dedis·</strong></span> 
     </span>
     <span class='ocr_line' id='line_1_32' title="bbox 688 3844 3016 3929; baseline 0.001 -21"><span class='ocrx_word' id='word_1_345' title='bbox 688 3860 861 3916; x_wconf 68' lang='lat' dir='ltr'><strong>sent.</strong></span> <span class='ocrx_word' id='word_1_346' title='bbox 917 3852 1113 3928; x_wconf 77' lang='lat' dir='ltr'><strong>qussi</strong></span> <span class='ocrx_word' id='word_1_347' title='bbox 1161 3848 1514 3910; x_wconf 73' lang='lat' dir='ltr'><strong>arbitrium</strong></span> <span class='ocrx_word' id='word_1_348' title='bbox 1564 3845 1711 3928; x_wconf 87' lang='lat' dir='ltr'><strong>ejus</strong></span> <span class='ocrx_word' id='word_1_349' title='bbox 1758 3844 2022 3919; x_wconf 85' lang='lat' dir='ltr'><strong>fuisset,</strong></span> <span class='ocrx_word' id='word_1_350' title='bbox 2072 3846 2255 3926; x_wconf 90' lang='lat' dir='ltr'><strong>quali</strong></span> <span class='ocrx_word' id='word_1_351' title='bbox 2304 3845 2526 3909; x_wconf 88' lang='lat' dir='ltr'><strong>forma</strong></span> <span class='ocrx_word' id='word_1_352' title='bbox 2573 3852 3016 3929; x_wconf 88' lang='lat' dir='ltr'><strong>nasceretur.)</strong></span> 
     </span>
    </p>
   </div>
   <div class='ocr_carea' id='block_1_14' title="bbox 688 3967 4305 4266">
    <p class='ocr_par' dir='ltr' id='par_1_14' title="bbox 688 3967 4305 4266">
     <span class='ocr_line' id='line_1_33' title="bbox 1009 3967 4305 4053; baseline 0.001 -21"><span class='ocrx_word' id='word_1_353' title='bbox 1009 3972 1073 4032; x_wconf 81' lang='lat' dir='ltr'><strong>in</strong></span> <span class='ocrx_word' id='word_1_354' title='bbox 1145 3972 1273 4032; x_wconf 84' lang='lat' dir='ltr'><strong>Pis.</strong></span> <span class='ocrx_word' id='word_1_355' title='bbox 1349 3992 1460 4034; x_wconf 69' lang='lat'><strong>22:</strong></span> <span class='ocrx_word' id='word_1_356' title='bbox 1527 3967 1905 4052; x_wconf 87' lang='lat' dir='ltr'><strong>(Gabinius)</strong></span> <span class='ocrx_word' id='word_1_357' title='bbox 1975 3991 2065 4034; x_wconf 87' lang='lat' dir='ltr'><strong>ne</strong></span> <span class='ocrx_word' id='word_1_358' title='bbox 2143 3980 2287 4034; x_wconf 93' lang='lat' dir='ltr'><strong>tum</strong></span> <span class='ocrx_word' id='word_1_359' title='bbox 2358 3972 2634 4053; x_wconf 91' lang='lat' dir='ltr'><strong>quidem</strong></span> <span class='ocrx_word' id='word_1_360' title='bbox 2696 3992 2904 4052; x_wconf 91' lang='lat' dir='ltr'><strong>quum</strong></span> <span class='ocrx_word' id='word_1_361' title='bbox 2974 3973 3158 4036; x_wconf 90' lang='lat' dir='ltr'><strong>illum</strong></span> <span class='ocrx_word' id='word_1_362' title='bbox 3229 3993 3425 4036; x_wconf 89' lang='lat' dir='ltr'><strong>suum</strong></span> <span class='ocrx_word' id='word_1_363' title='bbox 3495 3972 3924 4036; x_wconf 90' lang='lat' dir='ltr'><strong>saltatorium</strong></span> <span class='ocrx_word' id='word_1_364' title='bbox 3993 3984 4305 4035; x_wconf 89' lang='lat' dir='ltr'><strong>versaret</strong></span> 
     </span>
     <span class='ocr_line' id='line_1_34' title="bbox 688 4078 4301 4161; baseline 0 -21"><span class='ocrx_word' id='word_1_365' title='bbox 688 4080 1021 4150; x_wconf 72' lang='lat' dir='ltr'><strong>orbsm,</strong></span> <span class='ocrx_word' id='word_1_366' title='bbox 1085 4080 1405 4140; x_wconf 62' lang='lat' dir='ltr'><strong>ssi-tunae</strong></span> <span class='ocrx_word' id='word_1_367' title='bbox 1468 4088 1692 4141; x_wconf 90' lang='lat' dir='ltr'><strong>rotam</strong></span> <span class='ocrx_word' id='word_1_368' title='bbox 1754 4078 2291 4160; x_wconf 88' lang='lat' dir='ltr'><strong>pertimescebat</strong></span> <span class='ocrx_word' id='word_1_369' title='bbox 2352 4079 2463 4153; x_wconf 91' lang='lat' dir='ltr'><strong>(de</strong></span> <span class='ocrx_word' id='word_1_370' title='bbox 2526 4098 2665 4160; x_wconf 92' lang='lat' dir='ltr'><strong>quo</strong></span> <span class='ocrx_word' id='word_1_371' title='bbox 2717 4079 2912 4161; x_wconf 90' lang='lat' dir='ltr'><strong>Aper</strong></span> <span class='ocrx_word' id='word_1_372' title='bbox 2958 4080 3025 4143; x_wconf 92' lang='lat' dir='ltr'><strong>in</strong></span> <span class='ocrx_word' id='word_1_373' title='bbox 3075 4081 3229 4144; x_wconf 87' lang='lat' dir='ltr'><strong>dial.</strong></span> <span class='ocrx_word' id='word_1_374' title='bbox 3280 4083 3368 4144; x_wconf 89' lang='lat' dir='ltr'><strong>de</strong></span> <span class='ocrx_word' id='word_1_375' title='bbox 3415 4091 3587 4144; x_wconf 88' lang='lat' dir='ltr'><strong>orat.</strong></span> <span class='ocrx_word' id='word_1_376' title='bbox 3640 4100 3753 4155; x_wconf 86' lang='lat'><strong>23:</strong></span> <span class='ocrx_word' id='word_1_377' title='bbox 3820 4079 4013 4152; x_wconf 88' lang='lat' dir='ltr'><strong>n010,</strong></span> <span class='ocrx_word' id='word_1_378' title='bbox 4063 4080 4301 4161; x_wconf 90' lang='lat' dir='ltr'><strong>inquit,</strong></span> 
     </span>
     <span class='ocr_line' id='line_1_35' title="bbox 688 4184 1651 4266; baseline -0.002 -18"><span class='ocrx_word' id='word_1_379' title='bbox 688 4188 969 4248; x_wconf 69' lang='lat' dir='ltr'><strong>irridere</strong></span> <span class='ocrx_word' id='word_1_380' title='bbox 1017 4200 1241 4248; x_wconf 64' lang='lat' dir='ltr'><strong>tritam</strong></span> <span class='ocrx_word' id='word_1_381' title='bbox 1289 4184 1651 4266; x_wconf 69' lang='lat' dir='ltr'><strong>fortunae).</strong></span> 
     </span>
    </p>
   </div>
   <div class='ocr_carea' id='block_1_15' title="bbox 684 4308 4301 4607">
    <p class='ocr_par' dir='ltr' id='par_1_15' title="bbox 684 4308 4301 4607">
     <span class='ocr_line' id='line_1_36' title="bbox 1009 4308 4301 4395; baseline 0 -23"><span class='ocrx_word' id='word_1_382' title='bbox 1009 4332 1073 4392; x_wconf 84' lang='lat' dir='ltr'><strong>p.</strong></span> <span class='ocrx_word' id='word_1_383' title='bbox 1125 4308 1265 4372; x_wconf 77' lang='lat' dir='ltr'><strong>Mil.</strong></span> <span class='ocrx_word' id='word_1_384' title='bbox 1321 4332 1434 4388; x_wconf 68' lang='lat'><strong>35:</strong></span> <span class='ocrx_word' id='word_1_385' title='bbox 1483 4330 1623 4373; x_wconf 91' lang='lat' dir='ltr'><strong>non</strong></span> <span class='ocrx_word' id='word_1_386' title='bbox 1669 4311 1894 4373; x_wconf 88' lang='lat' dir='ltr'><strong>audeo</strong></span> <span class='ocrx_word' id='word_1_387' title='bbox 1941 4321 2165 4374; x_wconf 88' lang='lat' dir='ltr'><strong>totum</strong></span> <span class='ocrx_word' id='word_1_388' title='bbox 2212 4311 2444 4374; x_wconf 91' lang='lat' dir='ltr'><strong>dicere</strong></span> <span class='ocrx_word' id='word_1_389' title='bbox 2488 4349 2551 4357; x_wconf 50' lang='grc' dir='ltr'><em>η</em></span> <span class='ocrx_word' id='word_1_390' title='bbox 2597 4350 2671 4357; x_wconf 88' lang='lat'>—</span> <span class='ocrx_word' id='word_1_391' title='bbox 2713 4322 2951 4375; x_wconf 90' lang='lat' dir='ltr'><strong>movet</strong></span> <span class='ocrx_word' id='word_1_392' title='bbox 2997 4333 3107 4377; x_wconf 91' lang='lat' dir='ltr'><strong>me</strong></span> <span class='ocrx_word' id='word_1_393' title='bbox 3154 4314 3413 4395; x_wconf 90' lang='lat' dir='ltr'><strong>quippe</strong></span> <span class='ocrx_word' id='word_1_394' title='bbox 3461 4314 3684 4375; x_wconf 91' lang='lat' dir='ltr'><strong>lumen</strong></span> <span class='ocrx_word' id='word_1_395' title='bbox 3732 4312 3961 4375; x_wconf 87' lang='lat' dir='ltr'><strong>curiae</strong></span> <span class='ocrx_word' id='word_1_396' title='bbox 4008 4310 4301 4389; x_wconf 89' lang='lat' dir='ltr'><strong>(simulat</strong></span> 
     </span>
     <span class='ocr_line' id='line_1_37' title="bbox 684 4414 4299 4502; baseline -0.001 -22"><span class='ocrx_word' id='word_1_397' title='bbox 684 4440 761 4480; x_wconf 78' lang='lat' dir='ltr'><strong>se</strong></span> <span class='ocrx_word' id='word_1_398' title='bbox 809 4428 1097 4500; x_wconf 67' lang='lat' dir='ltr'><strong>aspectu</strong></span> <span class='ocrx_word' id='word_1_399' title='bbox 1133 4420 1201 4480; x_wconf 68' lang='grc' dir='ltr'><strong>Ξ,</strong></span> <span class='ocrx_word' id='word_1_400' title='bbox 1241 4417 1452 4480; x_wconf 64' lang='lat' dir='ltr'><strong>Clodii</strong></span> <span class='ocrx_word' id='word_1_401' title='bbox 1500 4426 1572 4479; x_wconf 89' lang='lat' dir='ltr'><strong>et</strong></span> <span class='ocrx_word' id='word_1_402' title='bbox 1617 4418 1946 4480; x_wconf 89' lang='lat' dir='ltr'><strong>memoria</strong></span> <span class='ocrx_word' id='word_1_403' title='bbox 1986 4418 2313 4482; x_wconf 86' lang='lat' dir='ltr'><strong>&#39;incensae</strong></span> <span class='ocrx_word' id='word_1_404' title='bbox 2361 4419 2591 4482; x_wconf 88' lang='lat' dir='ltr'><strong>curiae</strong></span> <span class='ocrx_word' id='word_1_405' title='bbox 2638 4419 2913 4494; x_wconf 85' lang='lat' dir='ltr'><strong>terreri;</strong></span> <span class='ocrx_word' id='word_1_406' title='bbox 2965 4438 3356 4502; x_wconf 88' lang='lat' dir='ltr'><strong>quanquam</strong></span> <span class='ocrx_word' id='word_1_407' title='bbox 3405 4418 3760 4481; x_wconf 87' lang='lat' dir='ltr'><strong>libertinus</strong></span> <span class='ocrx_word' id='word_1_408' title='bbox 3806 4434 3945 4477; x_wconf 89' lang='lat' dir='ltr'><strong>non</strong></span> <span class='ocrx_word' id='word_1_409' title='bbox 3991 4414 4299 4497; x_wconf 86' lang='lat' dir='ltr'><strong>intelligo</strong></span> 
     </span>
     <span class='ocr_line' id='line_1_38' title="bbox 688 4524 2596 4607; baseline 0.002 -23"><span class='ocrx_word' id='word_1_410' title='bbox 688 4528 1261 4604; x_wconf 57' lang='lat' dir='ltr'><strong>quemammodum</strong></span> <span class='ocrx_word' id='word_1_411' title='bbox 1317 4524 1577 4588; x_wconf 77' lang='lat' dir='ltr'><strong>..lumen</strong></span> <span class='ocrx_word' id='word_1_412' title='bbox 1625 4524 1893 4587; x_wconf 84' lang='lat' dir='ltr'><strong>curiae“</strong></span> <span class='ocrx_word' id='word_1_413' title='bbox 1945 4525 2281 4588; x_wconf 89' lang='lat' dir='ltr'><strong>nominari</strong></span> <span class='ocrx_word' id='word_1_414' title='bbox 2328 4525 2596 4607; x_wconf 89' lang='lat' dir='ltr'><strong>possit).</strong></span> 
     </span>
    </p>
   </div>
   <div class='ocr_carea' id='block_1_16' title="bbox 684 4645 4296 4840">
    <p class='ocr_par' dir='ltr' id='par_1_16' title="bbox 684 4645 4296 4840">
     <span class='ocr_line' id='line_1_39' title="bbox 1005 4645 4296 4730; baseline -0.001 -18"><span class='ocrx_word' id='word_1_415' title='bbox 1005 4652 1173 4712; x_wconf 82' lang='lat' dir='ltr'><strong>Phil.</strong></span> <span class='ocrx_word' id='word_1_416' title='bbox 1225 4648 1381 4712; x_wconf 60' lang='grc' dir='ltr'><strong>ΕΠ.</strong></span> <span class='ocrx_word' id='word_1_417' title='bbox 1435 4652 1552 4713; x_wconf 83' lang='lat'><strong>26:</strong></span> <span class='ocrx_word' id='word_1_418' title='bbox 1605 4647 1939 4729; x_wconf 87' lang='lat' dir='ltr'><strong>(Antonii)</strong></span> <span class='ocrx_word' id='word_1_419' title='bbox 1987 4648 2331 4711; x_wconf 89' lang='lat' dir='ltr'><strong>acerbitas</strong></span> <span class='ocrx_word' id='word_1_420' title='bbox 2381 4669 2644 4712; x_wconf 89' lang='lat' dir='ltr'><strong>morum</strong></span> <span class='ocrx_word' id='word_1_421' title='bbox 2709 4649 3239 4730; x_wconf 89' lang='lat' dir='ltr'><strong>immanitasque</strong></span> <span class='ocrx_word' id='word_1_422' title='bbox 3298 4659 3588 4711; x_wconf 89' lang='lat' dir='ltr'><strong>naturae</strong></span> <span class='ocrx_word' id='word_1_423' title='bbox 3648 4666 3735 4708; x_wconf 91' lang='lat' dir='ltr'><strong>ne</strong></span> <span class='ocrx_word' id='word_1_424' title='bbox 3797 4645 3959 4710; x_wconf 85' lang='lat' dir='ltr'><strong>vino</strong></span> <span class='ocrx_word' id='word_1_425' title='bbox 4022 4647 4296 4728; x_wconf 90' lang='lat' dir='ltr'><strong>quidem</strong></span> 
     </span>
     <span class='ocr_line' id='line_1_40' title="bbox 684 4756 2507 4840; baseline 0.003 -27"><span class='ocrx_word' id='word_1_426' title='bbox 684 4756 813 4816; x_wconf 55' lang='grc' dir='ltr'><strong>τῃτιιὶ</strong></span> <span class='ocrx_word' id='word_1_427' title='bbox 865 4756 1137 4816; x_wconf 79' lang='lat' dir='ltr'><strong>[isditus</strong></span> <span class='ocrx_word' id='word_1_428' title='bbox 1185 4756 1333 4836; x_wconf 73' lang='lat' dir='ltr'><strong>fuit}</strong></span> <span class='ocrx_word' id='word_1_429' title='bbox 1385 4756 1728 4840; x_wconf 82' lang='lat' dir='ltr'><strong>permixta</strong></span> <span class='ocrx_word' id='word_1_430' title='bbox 1775 4756 2265 4836; x_wconf 88' lang='lat' dir='ltr'><strong>temperari</strong></span> <span class='ocrx_word' id='word_1_431' title='bbox 2311 4756 2507 4819; x_wconf 92' lang='lat' dir='ltr'><strong>solet.</strong></span> 
     </span>
    </p>
   </div>
   <div class='ocr_carea' id='block_1_17' title="bbox 688 4877 4296 5068">
    <p class='ocr_par' dir='ltr' id='par_1_17' title="bbox 688 4877 4296 5068">
     <span class='ocr_line' id='line_1_41' title="bbox 1003 4877 4296 4960; baseline 0 -20"><span class='ocrx_word' id='word_1_432' title='bbox 1003 4880 1173 4940; x_wconf 73' lang='lat' dir='ltr'><strong>Phil.</strong></span> <span class='ocrx_word' id='word_1_433' title='bbox 1221 4880 1413 4944; x_wconf 72' lang='lat' dir='ltr'><strong>XIII.</strong></span> <span class='ocrx_word' id='word_1_434' title='bbox 1465 4884 1582 4944; x_wconf 86' lang='lat'><strong>26:</strong></span> <span class='ocrx_word' id='word_1_435' title='bbox 1632 4879 1910 4960; x_wconf 90' lang='lat' dir='ltr'><strong>Visejus</strong></span> <span class='ocrx_word' id='word_1_436' title='bbox 1961 4915 2033 4923; x_wconf 75' lang='lat'><strong>—-</strong></span> <span class='ocrx_word' id='word_1_437' title='bbox 2071 4915 2156 4924; x_wconf 92' lang='lat'><strong>--</strong></span> <span class='ocrx_word' id='word_1_438' title='bbox 2199 4877 2422 4955; x_wconf 81' lang='lat' dir='ltr'><strong>fortiS,</strong></span> <span class='ocrx_word' id='word_1_439' title='bbox 2473 4889 2550 4942; x_wconf 90' lang='lat' dir='ltr'><strong>ut</strong></span> <span class='ocrx_word' id='word_1_440' title='bbox 2594 4879 2804 4954; x_wconf 88' lang='lat' dir='ltr'><strong>aiunt,</strong></span> <span class='ocrx_word' id='word_1_441' title='bbox 2857 4879 3067 4941; x_wconf 89' lang='lat' dir='ltr'><strong>latro:</strong></span> <span class='ocrx_word' id='word_1_442' title='bbox 3118 4897 3320 4957; x_wconf 90' lang='lat' dir='ltr'><strong>quem</strong></span> <span class='ocrx_word' id='word_1_443' title='bbox 3368 4886 3597 4940; x_wconf 88' lang='lat' dir='ltr'><strong>tamen</strong></span> <span class='ocrx_word' id='word_1_444' title='bbox 3645 4888 4296 4957; x_wconf 90' lang='lat' dir='ltr'><strong>temperantem</strong></span> 
     </span>
     <span class='ocr_line' id='line_1_42' title="bbox 688 4985 2994 5068; baseline -0.001 -20"><span class='ocrx_word' id='word_1_445' title='bbox 688 4988 893 5048; x_wconf 63' lang='lat' dir='ltr'><strong>luisses</strong></span> <span class='ocrx_word' id='word_1_446' title='bbox 941 4988 1173 5048; x_wconf 70' lang='lat' dir='ltr'><strong>ferunt</strong></span> <span class='ocrx_word' id='word_1_447' title='bbox 1221 4988 1487 5050; x_wconf 75' lang='lat' dir='ltr'><strong>Pisauri</strong></span> <span class='ocrx_word' id='word_1_448' title='bbox 1534 4988 2006 5051; x_wconf 89' lang='lat' dir='ltr'><strong>balneatorem</strong></span> <span class='ocrx_word' id='word_1_449' title='bbox 2054 4986 2192 5067; x_wconf 90' lang='lat' dir='ltr'><strong>(qui</strong></span> <span class='ocrx_word' id='word_1_450' title='bbox 2240 4996 2587 5068; x_wconf 87' lang='lat' dir='ltr'><strong>temperat</strong></span> <span class='ocrx_word' id='word_1_451' title='bbox 2632 4985 2994 5065; x_wconf 89' lang='lat' dir='ltr'><strong>balneum).</strong></span> 
     </span>
    </p>
   </div>
  </div>
 </body>
</html>
