4717 5575
1008 182 1223 244 -13,

209 389 425 472 frequentat,
450 390 565 456 facete
587 393 755 457 urbanam
779 395 993 477 provinciam
1010 393 1208 459 Chelidonis
1228 395 1383 477 auspicio
1399 395 1589 459 meretricis
1606 395 1688 458 dicit
1705 415 1782 458 esse
1799 398 2016 476 susceptam*

209 499 268 561 Ps.
292 497 389 580 Asc.)
435 498 477 562 H.
504 520 562 580 24:
594 499 725 564 satisne
755 522 918 584 magnam
950 502 1131 585 pecuniam
1162 502 1332 566 Venerius
1363 505 1477 576 home,
1510 502 1568 584 qui
1600 522 1619 565 e
1650 501 1847 565 Chelidonis
1877 501 1952 564 sinu
1983 501 2018 564 in

212 605 428 689 provinciam
451 606 631 688 profectus
655 619 758 684 esset,
783 608 930 672 Veneris
954 609 1092 673 nomine
1116 610 1295 692 quaesisse
1318 610 1475 672 videtur?

371 731 481 795 Nimis
505 733 679 816 sagaciter
702 743 818 798 autem
842 734 910 798 div.
934 734 968 797 in
993 733 1093 798 Caec.
1120 755 1162 815 50
1186 734 1346 798 Klotzius
1370 735 1536 799 odoratus
1560 735 1705 808 videtur,
1733 754 1810 797 cum
1836 731 2020 811 „alienissi-

211 839 275 902 mis
298 839 514 903 hominibus“
540 840 590 904 ita
613 841 741 905 dictum
766 861 844 904 esse
867 841 1013 916 iudicat,
1044 852 1083 905 ut
1113 844 1148 905 in
1179 842 1425 925 subscriptoris
1448 841 1575 906 Allieni
1605 842 1742 905 nomine
1769 841 1905 904 ludatur
1929 839 2019 920 (vide

212 944 336 1028 Halm).
382 945 482 1010 Haec
505 967 551 1010 ex
575 946 747 1011 Verrinisl

371 1070 486 1157 Etiam
516 1072 551 1134 in
582 1071 744 1138 Sestiana
778 1075 947 1156 quaedam
986 1074 1159 1138 nominum
1198 1074 1502 1155 interpretationes
1540 1074 1769 1137 inveniuntur.
1817 1075 1869 1153 69.
1900 1070 2020 1135 Aelius

212 1177 337 1260 Ligus,
370 1185 412 1241 tr.
446 1177 491 1261 pl.
523 1179 602 1242 anni
635 1183 675 1258 58
708 1201 737 1243 a.
770 1180 865 1255 Chr.,
900 1201 1114 1264 „cognomen
1145 1180 1211 1243 sibi
1241 1201 1286 1244 ex
1316 1180 1495 1245 Aeliorum
1518 1181 1725 1263 imaginibus
1757 1178 1919 1261 arripuit,
1951 1197 2020 1257 quo

213 1285 324 1367 magis
355 1285 505 1348 nationis
537 1285 610 1349 eius
641 1306 719 1349 esse
750 1308 854 1370 quam
884 1289 1023 1370 generis
1051 1289 1247 1351 videretur“
1278 1288 1309 1369 (i.
1334 1308 1363 1352 e.
1388 1308 1457 1370 quo
1481 1298 1596 1351 tamen
1619 1287 1702 1351 nibil
1726 1287 1871 1368 amplius
1895 1285 2020 1357 effecit,

216 1411 316 1473 quam
339 1403 378 1456 ut
401 1395 459 1475 qui
483 1395 518 1457 id
542 1413 737 1475 cognomen
760 1395 933 1469 audirent,
965 1396 1105 1458 natione
1128 1395 1307 1478 Ligurem,
1339 1415 1408 1459 non
1432 1396 1608 1459 Aeliorum
1633 1405 1820 1478 cognatum
1846 1392 2022 1456 existima·

213 1507 306 1573 rent;
331 1499 478 1583 Ligures
502 1501 592 1565 enim
615 1500 827 1565 fallaciarum
855 1503 992 1566 nomine
1017 1502 1107 1565 male
1134 1503 1333 1567 audiebant.
1374 1503 1453 1583 (Pro
1482 1502 1613 1566 Cluent.
1644 1522 1694 1582 72.
1720 1512 1835 1565 autem
1859 1499 2022 1581 Stajenus

214 1607 364 1689 (Paetus)
398 1627 464 1687 „ex
499 1617 606 1691 gente
636 1606 739 1670 Aelia
777 1609 843 1672 sibi
875 1629 1070 1691 cognomen
1099 1609 1199 1672 Paeti
1231 1630 1277 1673 ex
1307 1609 1485 1673 Aeliorum
1515 1609 1724 1692 imaginibus
1755 1607 1916 1689 arripuit,
1952 1625 2022 1686 quo

213 1714 326 1796 magis
355 1713 506 1778 nationis
537 1715 610 1779 eius
641 1736 719 1779 esse
750 1737 853 1799 quarn
884 1716 1022 1800 generis
1053 1717 1103 1780 uti
1134 1716 1340 1799 cognomine
1372 1716 1590 1798 videretur“).
1637 1716 1693 1779 Ex
1729 1714 1905 1796 sequentis
1943 1712 2023 1775 anni

214 1820 361 1883 tribunis
391 1822 550 1885 duorum
566 1822 706 1885 nomina
737 1824 950 1907 perstringit.
996 1822 1099 1887 Alter
1129 1833 1184 1886 est
1215 1822 1255 1905 Q.
1288 1823 1470 1887 Numerius
1501 1822 1616 1886 Rufus
1650 1843 1772 1903 „quem
1802 1821 1959 1885 homines
1988 1818 2023 1881 in

215 1925 308 1989 luctu
338 1927 520 1993 irridentes
551 1926 746 1993 Gracchum
778 1933 971 2004 vocabant,
1003 1931 1166 2013 quoniam
1197 1932 1232 1994 id
1263 1932 1367 1995 etiam
1398 1929 1507 1993 fatum
1538 1931 1689 1994 civitatis
1719 1929 1801 2003 fuit,
1832 1940 1871 1991 ut
1897 1927 1953 1991 illa
1977 1945 2024 1988 ex

215 2035 409 2117 vepreculis
432 2046 593 2100 extracta
615 2038 769 2101 nitedula
792 2039 1048 2121 rempublicam·
1065 2049 1250 2102 conaretur
1277 2039 1466 2102 adrodere‘
1500 2049 1613 2101 utrum
1645 2047 1791 2121 propter
1822 2035 2023 2099 seditiosum

217 2140 364 2206 animum
387 2164 433 2207 an
456 2155 600 2227 propter
624 2146 814 2208 exilitatem
838 2147 952 2221 vocis,
984 2167 1074 2228 quae
1104 2147 1236 2229 graculi
1260 2158 1399 2210 cantum
1421 2146 1585 2220 referret,
1618 2144 1798 2209 Gracchus
1828 2143 2023 2208 nominatus

215 2247 270 2323 sit,
294 2249 457 2332 aequales
481 2262 576 2315 certe
599 2272 668 2314 non
691 2253 918 2334 ignorabant,
950 2274 1014 2317 nos
1038 2255 1219 2317 nescimus.
1266 2255 1339 2316 Nec
1363 2255 1399 2317 id
1421 2254 1522 2317 nobis
1547 2263 1678 2317 certum
1703 2263 1774 2326 est,
1798 2272 1877 2314 num
1902 2249 2024 2312 Cicero

215 2374 293 2418 eurn
323 2368 468 2440 propter
499 2359 748 2422 obscuritatem
780 2379 926 2442 carpens
954 2381 1030 2424 curn
1058 2381 1154 2424 mure
1186 2362 1440 2443 comparaverit
1479 2372 1531 2436 et,
1575 2363 1668 2444 quod
1707 2371 1781 2424 erat
1818 2356 2026 2441 cognomine

214 2462 341 2536 Rufus
366 2463 551 2529 nitedulam
574 2467 595 2529 i.
620 2487 650 2529 e.
674 2487 804 2531 murem
827 2479 1003 2550 agrestem
1025 2469 1169 2531 rubeum
1192 2467 1432 2532 nominaverit.
1479 2468 1580 2533 Alter
1608 2478 1662 2531 est
1686 2467 1723 2531 C.
1747 2466 1876 2530 Atilius
1900 2461 2025 2528 Calati-

215 2589 281 2630 nus
305 2567 482 2634 Gavianus
508 2593 596 2653 „non
620 2574 674 2637 ille
697 2571 867 2638 Serranus
890 2576 936 2638 ab
959 2585 1094 2648 aratr0,
1126 2576 1188 2638 sed
1220 2594 1266 2637 ex
1297 2575 1436 2638 deserto
1461 2573 1562 2639 Gavii
1587 2572 1673 2638 Oleli
1704 2576 1830 2637 horreo
1861 2592 1882 2634 a
1905 2569 2025 2633 calatis

217 2671 339 2739 Gaviis
362 2677 397 2739 in
421 2676 595 2744 Calatinos
618 2680 745 2745 Atilios
768 2682 923 2756 insitus“,
949 2702 1019 2764 quo
1042 2683 1077 2746 in
1105 2682 1183 2745 loco
1213 2683 1419 2747 coniecturis
1450 2683 1591 2746 multum
1622 2691 1758 2745 tentato
1788 2682 1856 2743 hoc
1887 2677 2025 2760 quidem

218 2792 318 2864 patet
348 2785 523 2850 ridiculam
553 2790 699 2854 nominis
731 2791 1052 2874 interpretationem
1087 2791 1205 2855 latere.
1251 2791 1384 2855 Ibidem
1428 2811 1487 2854 110
1526 2790 1561 2853 in
1599 2787 1716 2863 Gellii,
1755 2790 1813 2871 qui
1848 2784 2027 2868 Poplicola

218 2890 429 2967 vocabatur,
460 2895 598 2959 nomine
628 2896 750 2961 Cicero
780 2899 931 2961 iocatur:
967 2918 1096 2979 „usque
1121 2917 1163 2960 eo
1187 2898 1344 2961 nonfuit
1368 2897 1562 2980 popularis,
1593 2907 1633 2960 ut
1655 2898 1750 2960 bona
1776 2896 1871 2959 solus
1895 2911 2027 2956 comes-

217 3001 291 3059 set“
316 3009 352 3062 et
378 3020 467 3079 „non
491 3001 639 3067 libidinis
663 3025 779 3080 causa,
803 3007 876 3079 sed,
899 3014 938 3067 ut
961 3005 1131 3088 plebicola
1153 3005 1340 3081 videretur,
1364 3005 1557 3068 libertinam
1582 3004 1682 3067 duxit
1706 3005 1885 3067 uxorem“.

376 3125 524 3191 Nomine
555 3126 687 3191 Vatinii
717 3129 834 3192 ludere
865 3130 1002 3193 videtur
1034 3131 1079 3211 (in
1103 3129 1185 3193 Vat.
1211 3134 1259 3213 ὁ);
1294 3131 1429 3209 „omnia
1458 3150 1547 3213 quae
1574 3140 1613 3193 tu
1635 3129 1853 3212 impudenter
1875 3123 2026 3188 vatici·

218 3232 334 3294 nando
357 3252 498 3316 sperare
521 3245 558 3299 te
581 3255 687 3318 saepe
711 3237 850 3301 dixisti“
877 3237 1125 3319 (consulatum).

377 3358 503 3442 Aeque
539 3360 702 3444 (Clodiae)
737 3362 1012 3444 Quadrantariae
1046 3382 1171 3427 nomen
1207 3362 1456 3445 interpretatur
1490 3382 1567 3425 curn
1602 3381 1665 3445 pro
1705 3360 1796 3425 Cael.
1834 3365 1885 3437 69.
1925 3357 2025 3420 dicit:

221 3464 371 3541 „Tamen
395 3477 449 3529 est
471 3488 542 3531 non
563 3468 752 3532 infacetum
775 3470 999 3534 mendacium.
1047 3469 1149 3552 Quod
1177 3468 1338 3551 profecto
1368 3488 1543 3550 nunquam
1572 3468 1748 3531 hominum
1779 3485 1892 3529 sermo
1921 3475 2027 3547 atque

218 3570 337 3654 opinio
368 3577 648 3656 comprobasset,
683 3577 750 3640 nisi
784 3578 916 3652 omnia,
953 3598 1043 3659 quae
1081 3596 1158 3640 cum
1196 3577 1409 3658 turpitudine
1447 3576 1562 3658 aliqua
1600 3576 1813 3649 dicerentur,
1852 3573 1886 3637 in
1924 3572 2027 3635 istam

218 3679 435 3757 quadrare
458 3691 541 3764 apte
564 3683 796 3759 viderentur“‚
822 3705 1019 3767 quanquam
1042 3704 1112 3748 non
1135 3705 1181 3747 ex
1204 3686 1272 3747 hoc
1295 3683 1484 3758 vocabulo,
1516 3684 1578 3746 sed
1601 3704 1647 3746 ex
1678 3682 1898 3746 substantivo
1924 3699 2028 3761 „qua-

220 3788 343 3850 drans“
369 3807 496 3852 nornen
518 3789 599 3853 illud
615 3790 892 3872 Quadrantariae
915 3793 1055 3855 ductum
1079 3810 1157 3854 esse
1181 3802 1339 3875 apparet,
1364 3801 1400 3854 et
1422 3792 1510 3854 haec
1530 3791 1678 3854 nominis
1699 3792 1798 3874 origo
1815 3786 2028 3871 significatur

221 3894 335 3956 verbis
370 3898 408 3958 62
441 3897 709 3980 „quadrantaria
736 3898 791 3961 illa
819 3897 1093 3981 permutatione“
1123 3907 1159 3960 et
1188 3918 1224 3978 71
1259 3898 1413 3978 „aeraria
1440 3897 1597 3972 fabular,
1630 3917 1733 3979 quam
1764 3896 1915 3959 fabulam
1947 3914 2028 3957 num

218 3995 422 4064 Plutarchus
444 4001 525 4082 (Cic.
545 4004 597 4084 29)
621 4004 666 4065 ad
689 4005 873 4067 veritatem
896 4004 1098 4078 narraverit,
1123 4023 1199 4067 cum
1215 4004 1418 4068 Drumanno
1441 4002 1496 4084 (G.
1512 4003 1558 4068 R.
1575 4004 1617 4067 Π.
1644 4008 1717 4084 381.
1743 4006 1795 4086 54)
1820 4002 2027 4065 dubitamus.

380 4123 527 4210 Philipp.
552 4127 616 4191 XI.
648 4151 704 4208 14:
736 4128 831 4193 Inter
856 4139 1068 4207 „castrorum
1091 4127 1139 4191 Μ.
1163 4127 1297 4192 Antoni
1326 4130 1470 4193 lumina“
1502 4130 1657 4193 nominat
1682 4128 1739 4208 ,‚C.
1764 4128 1915 4192 Annium
1940 4125 2029 4190 Cim-

220 4230 329 4306 brum,
353 4231 507 4316 Lysidici
529 4234 643 4310 filium,
669 4235 867 4319 Lysidicum
891 4237 1004 4320 ipsum
1029 4234 1165 4300 Graeco
1190 4237 1318 4309 verb0,
1343 4235 1505 4317 quoniam
1530 4236 1645 4299 omnia
1665 4235 1742 4318 jura
1766 4233 1939 4298 dissolvit:
1963 4231 2029 4294 nisi

220 4333 311 4399 forte
333 4339 405 4403 iure
430 4338 640 4405 Germanum
665 4342 803 4406 Cimber
826 4343 983 4407 occidit.“
1031 4341 1224 4424 Dupliciter
1246 4344 1303 4406 hic
1327 4341 1448 4407 Cicero
1470 4343 1624 4424 jocatur:
1657 4363 1736 4406 nam
1764 4342 1908 4424 primum
1939 4358 2026 4414 eum,

221 4444 279 4524 qui
303 4442 444 4510 fratrem
468 4449 665 4525 necaverit,
690 4449 774 4514 λύειν
796 4447 886 4525 δίκας
909 4461 944 4513 et
967 4450 1077 4532 patris
1101 4448 1254 4533 Lysidici
1278 4449 1416 4512 nomine
1439 4450 1581 4532 dignum
1605 4450 1702 4521 dicit,
1732 4448 1856 4510 deinde
1879 4445 1960 4526 quia
1983 4445 2028 4509 illi

218 4570 415 4636 cognomen
446 4554 575 4620 Cimbri
606 4556 687 4633 fuit,
720 4579 784 4642 pro
816 4557 923 4621 fratre
953 4557 1061 4622 utitur
1091 4557 1262 4620 vocabulo
1294 4554 1475 4631 Germani,
1507 4557 1601 4638 quod
1632 4574 1744 4636 aeque
1774 4574 1815 4616 ae
1849 4551 2026 4632 ,cirnber‘

219 4660 401 4723 oriundum
431 4661 578 4746 aliquem
610 4684 656 4729 ex
687 4665 828 4728 natione
858 4663 1054 4747 significare
1084 4672 1213 4745 potest.
1260 4664 1416 4727 Eundem
1448 4663 1622 4726 Cimbrum
1653 4661 1751 4725 XIII.
1778 4666 1828 4725 26.
1861 4665 1907 4725 ob
1938 4663 2028 4726 illam

219 4763 336 4831 fratris
359 4770 516 4852 germani
541 4774 682 4836 caedem
705 4772 844 4837 nomine
866 4772 1080 4855 Philadelphi
1104 4792 1167 4855 per
1199 4771 1380 4835 ludibrium
1410 4781 1520 4835 notat.
1568 4768 1611 4834 cf.
1637 4769 1776 4852 Quintil.
1802 4769 1895 4837 VIII.
1922 4794 1951 4851 3.
1977 4792 2028 4849 29.

378 4893 567 4959 Praeterea
588 4897 728 4959 nomina
750 4898 894 4980 propria
916 4897 1055 4980 saepius
1078 4896 1128 4959 ita
1151 4898 1196 4959 ad
1220 4896 1397 4961 ridiculum
1425 4905 1623 4970 vertuntur,
1655 4906 1694 4959 ut
1726 4915 1802 4959 cum
1834 4896 2030 4964 nominibus
