4717 5575
557 1069 625 1191 De
664 1068 919 1192 Ciceronis
960 1071 1003 1190 in
1044 1071 1353 1191 orationibus
1392 1071 1598 1191 facetiis.

334 1550 578 1663 Quintilianus
602 1570 692 1632 inter
714 1568 988 1632 Demosthenem
1011 1581 1047 1632 et
1067 1570 1277 1644 Ciceronem,
1302 1590 1499 1652 quanquam
1523 1573 1755 1635 urbanitatem
1778 1573 1811 1635 in
1836 1583 1983 1654 utroque

172 1681 280 1744 fuisse
300 1680 444 1762 judicat,
468 1688 583 1741 tamen
606 1678 674 1740 hoc
697 1676 867 1740 interesse
891 1678 983 1752 dicit,
1008 1680 1101 1758 quod
1117 1678 1346 1741 Demostheni
1368 1680 1456 1741 risus
1477 1680 1639 1741 movendi
1660 1678 1807 1742 facultas
1824 1678 1982 1750 defuerit,

173 1787 294 1851 Cicero
318 1797 436 1849 autem
458 1806 528 1849 non
550 1785 659 1847 solum
684 1792 786 1846 extra
808 1782 951 1858 iudicia,
983 1785 1045 1846 sed
1077 1784 1111 1848 in
1143 1785 1227 1867 ipsis
1257 1786 1360 1849 etiam
1390 1786 1605 1848 orationibus
1627 1787 1767 1849 habitus
1791 1785 1836 1848 sit
1859 1785 1982 1848 nimius

172 1898 263 1960 risus
294 1894 485 1959 affectator.
531 1894 588 1957 Ac
617 1892 822 1955 Plutarchus
853 1891 888 1954 in
919 1912 1036 1956 eorum
1068 1894 1328 1975 comparatione
1360 1892 1560 1955 Ciceronem
1591 1893 1754 1955 irridendi
1792 1894 1983 1975 cupiditate

173 2022 284 2085 usque
314 2003 359 2065 ad
388 2002 629 2065 scurrilitatem
659 2010 864 2082 provectum
896 2018 974 2061 esse
1005 2011 1041 2062 et
1072 1999 1107 2062 in
1138 2000 1252 2062 causis
1283 2019 1352 2061 non
1375 2000 1460 2062 satis
1485 2001 1601 2062 decori
1624 2000 1794 2062 rationem
1817 1999 1982 2063 habuisse

173 2110 273 2184 dicit,
311 2110 415 2172 immo
446 2128 530 2172 vero
563 2107 667 2170 etiam
697 2106 754 2169 illa
784 2106 970 2169 dicacitate
999 2107 1126 2170 multos
1158 2108 1300 2170 laesisse
1331 2119 1366 2170 et
1397 2106 1525 2170 famam
1563 2107 1713 2170 malitiae
1752 2107 1980 2169 contraxisse.

172 2217 253 2301 Ipse
276 2236 360 2280 vero
386 2215 506 2280 Cicero
529 2214 585 2277 illa
608 2213 773 2277 facultate
797 2234 861 2276 sua
883 2213 932 2277 ita
955 2214 1123 2298 gloriatus
1147 2226 1220 2292 est,
1245 2225 1282 2277 ut
1306 2216 1388 2289 sibi,
1414 2215 1442 2278 si
1466 2226 1567 2278 acute
1592 2225 1651 2278 aut
1675 2213 1790 2278 facete
1813 2214 1981 2276 dictorum

173 2321 399 2386 offensionem
427 2321 582 2405 effugere
610 2320 729 2396 vellet,
761 2319 889 2384 famam
912 2321 1040 2404 ingenii
1065 2317 1292 2385 abiiciendam
1316 2323 1446 2384 diceret
1470 2322 1525 2401 (ad
1548 2320 1628 2383 fam.
1652 2320 1717 2384 IX.
1748 2326 1818 2402 16.).
1865 2321 1981 2401 Quan-

172 2439 245 2492 tum
267 2440 383 2494 autem
406 2429 473 2492 iam
498 2428 661 2510 aequales
685 2429 758 2491 eius
781 2430 971 2493 urbanitati
995 2442 1030 2493 et
1053 2430 1200 2512 argutiis
1228 2430 1428 2501 tribuerint,
1459 2430 1514 2491 vel
1545 2430 1624 2493 inde
1656 2429 1820 2512 cognosci
1852 2440 1980 2510 potest,

172 2537 265 2617 quod
288 2537 364 2619 ipse
388 2536 480 2599 etin
503 2535 689 2598 Planciana
712 2536 804 2599 circa
827 2555 857 2599 a.
885 2554 948 2617 700
971 2557 1003 2599 a.
1029 2536 1070 2600 U.
1095 2547 1131 2600 et
1154 2539 1198 2599 ad
1221 2535 1302 2599 fam.
1327 2534 1403 2598 VII.
1430 2557 1468 2615 32
1500 2537 1629 2619 aliquot
1659 2536 1757 2600 annis
1788 2546 1870 2619 post
1900 2555 1981 2598 con·

172 2643 343 2724 queritur,
367 2642 490 2716 multa,
515 2661 605 2724 quae
628 2662 698 2705 non
722 2642 887 2717 dixisset,
911 2642 1008 2707 inse
1032 2643 1198 2717 conferri3
1231 2642 1349 2725 itaque
1373 2641 1592 2706 Volumnium
1615 2644 1854 2726 reprehendit,
1887 2643 1981 2725 quod

173 2769 315 2832 ,parum
346 2749 530 2834 diligenter
559 2749 736 2833 possessio
767 2749 952 2815 salinarum
983 2771 1120 2815 suarum
1152 2753 1198 2817 ab
1228 2750 1284 2814 illo
1321 2761 1547 2834 procuratore
1584 2749 1799 2814 defendatur.
1846 2749 1980 2832 Pugna,

171 2857 292 2937 inquit,
317 2857 381 2919 nisi
406 2892 443 2901 -
471 2893 513 2902 —-
536 2853 665 2935 ἕντεχνα
688 2867 724 2919 et
747 2868 873 2938 arguta
896 2860 1131 2941 apparebunt,
1157 2868 1195 2921 ut
1218 2868 1436 2921 sacramento
1460 2859 1651 2921 contendas
1674 2878 1752 2921 mea
1774 2879 1845 2921 non
1869 2864 1978 2920 esse“.

171 2962 302 3028 Contra
319 2962 478 3026 Caesaris
498 2962 569 3044 (qui
584 2963 811 3027 voluminibus
829 2964 899 3028 suis
916 2956 1185 3050 ἀποφθεγμάτων
1200 2967 1304 3030 etiam
1321 2965 1497 3030 Ciceronis
1514 2967 1606 3028 dicta
1621 2965 1805 3027 inseruisse
1822 2964 1978 3043 videtur),

114 3122 121 3136 .
170 3091 250 3134 acre
278 3071 313 3133 in
342 3069 509 3152 eligendis
541 3069 847 3154 apophthegmatis
876 3072 1038 3136 iudicium
1069 3073 1197 3137 laudat.
1246 3074 1399 3151 „Audi0,
1431 3074 1558 3156 inquit,
1591 3072 1793 3144 Caesarem,
1826 3072 1853 3134 si
1885 3073 1980 3153 quod

169 3176 336 3240 afferatur
358 3178 403 3238 ad
427 3197 504 3239 eum
526 3197 592 3259 pro
615 3195 711 3252 meu,
740 3180 834 3260 quod
857 3198 970 3243 meum
993 3200 1061 3243 non
1086 3179 1148 3253 sit,
1181 3180 1323 3242 reiicere
1346 3180 1489 3244 solere.“
1538 3178 1629 3261 Quid
1651 3180 1773 3242 mirum
1795 3177 1918 3260 igitur,
1950 3178 1979 3240 si

169 3284 238 3346 iam
262 3283 343 3346 vivo
360 3281 525 3346 Cicerone
547 3281 661 3347 facete
681 3286 727 3347 ab
748 3304 791 3347 eo
812 3285 906 3348 dicta
922 3285 1145 3368 collegerunt,
1161 3296 1201 3350 ut
1217 3285 1346 3367 primus
1364 3285 1401 3350 C.
1418 3286 1612 3350 Trebonius
1624 3284 1717 3359 fecit,
1735 3286 1764 3348 is
1781 3285 1839 3367 qui
1855 3294 1980 3367 postea

168 3393 259 3455 inter
275 3389 435 3455 Caesaris
456 3410 681 3473 percussores
701 3390 776 3466 fuit,
798 3392 893 3456 cuius
914 3393 1036 3456 librum
1058 3393 1283 3456 libentissime
1299 3413 1337 3455 se
1353 3393 1480 3476 legisse
1497 3392 1619 3457 Cicero
1635 3413 1665 3456 a.
1685 3412 1744 3472 707
1764 3391 1904 3473 scripsit
1923 3392 1979 3468 (ad

169 3498 250 3561 fam.
267 3497 349 3560 XV.
370 3517 420 3560 21.
438 3496 481 3561 cf.
498 3496 579 3561 XII.
603 3501 673 3579 id).
720 3498 908 3562 Praeterea
931 3510 1025 3563 certe
1041 3519 1152 3583 usque
1168 3500 1214 3563 ad
1230 3500 1400 3563 Macrobii
1420 3510 1572 3563 aetatem
1589 3501 1691 3579 (circa
1706 3519 1736 3561 a.
1756 3519 1820 3578 400
1837 3519 1870 3580 p.
1888 3497 1979 3578 Chr.)

170 3607 343 3669 extabant
364 3604 412 3667 III
436 3603 511 3668 libri
536 3604 580 3667 de
601 3604 689 3687 jocis
706 3603 891 3678 Ciceronis,
915 3607 961 3668 ab
986 3606 1058 3668 eius
1082 3606 1207 3670 liberto
1224 3606 1351 3670 Tirone
1375 3607 1504 3689 scripti,
1529 3626 1674 3689 quorum
1698 3617 1733 3668 et
1750 3604 1979 3687 Quintilianus

169 3710 229 3774 VI.
256 3734 285 3792 3.
312 3732 341 3791 5.
366 3721 401 3774 et
424 3712 530 3774 schol.
554 3711 730 3775 Bobiense
753 3712 798 3774 ad
821 3709 1019 3776 Sestianam
1042 3711 1161 3775 LXIV
1184 3713 1393 3777 mentionem
1416 3713 1513 3788 fecit,
1537 3716 1600 3777 sed
1623 3713 1677 3776 ille
1701 3713 1874 3785 dubitans,
1899 3731 1979 3774 num

168 3817 192 3880 ii
215 3838 298 3882 vere
321 3838 343 3880 a
366 3818 494 3881 Tirone
516 3816 664 3901 profecti
687 3819 774 3893 sint,
806 3828 842 3881 et
868 3821 1144 3902 reprehendens,
1178 3822 1272 3903 quod
1300 3821 1376 3904 plus
1404 3820 1507 3883 studii
1524 3820 1572 3883 in
1596 3818 1843 3901 congerendis,
1875 3838 1978 3901 quam

170 3924 283 3988 iudicii
306 3925 340 3988 in
364 3923 531 4007 eligendis
555 3924 655 3988 dictis
679 3924 724 3987 sit
747 3926 947 3991 adhibitum.

329 4030 517 4095 Videamus
541 4031 648 4115 igitur
670 4030 827 4115 primum
849 4032 934 4116 quid
958 4030 1081 4100 Cicero
1104 4033 1148 4099 do
1172 4034 1250 4099 toto
1270 4032 1414 4117 jocandi
1439 4051 1571 4116 genero
1593 4031 1823 4103 iudicaverit,
1852 4030 1978 4096 deindo

168 4136 230 4220 qul
255 4137 348 4204 salos
371 4139 448 4205 olus
472 4138 698 4206 orationibus
721 4139 856 4221 aspersi
881 4139 1020 4207 extent.

1055 4441 1093 4523 1.

734 4617 919 4713 Ciceronis
952 4620 998 4713 de
1029 4621 1173 4714 facetiis
1207 4633 1412 4739 praecepta.

327 4812 409 4896 Ipse
432 4811 538 4895 igitur
560 4814 595 4877 in
619 4814 797 4889 librorum,
822 4814 881 4896 qui
905 4823 985 4878 sunt
1008 4816 1052 4878 de
1075 4826 1233 4892 oratore,
1265 4816 1393 4900 prim0,
1423 4836 1498 4879 cum
1522 4836 1612 4897 quae
1636 4816 1765 4879 oratori
1789 4815 1905 4879 futuro
1928 4817 1978 4879 di-

168 4919 297 4982 scenda
321 4920 398 4995 sint,
423 4930 611 4996 enumerat,
635 4922 810 4985 libandum
834 4941 912 4985 esse
936 4921 1018 4985 dicit
1042 4942 1087 4985 ex
1112 4923 1204 4986 omni
1234 4943 1363 5006 genere
1394 4921 1595 4984 facetiarum
1620 4923 1792 5004 quendam
1815 4924 1977 5007 leporem,

167 5044 237 5107 quo
261 5034 425 5108 tanquam
449 5028 521 5092 sale
544 5039 795 5113 perspergatur
818 5029 929 5093 omnis
953 5029 1084 5097 oratio:
1116 5031 1150 5092 in
1181 5032 1333 5092 secundo
1365 5048 1449 5091 vero
1472 5028 1558 5090 libro
1583 5026 1620 5091 C.
1644 5028 1769 5109 Julium
1793 5028 1977 5093 Caesarem

1765 5132 1802 5185 1*
