4717 5575
2227 220 2669 280 ...16—

1695 437 1756 515 8)
1805 432 2022 497 Unius
2071 432 2268 497 verbi
2313 433 2676 497 translatio
2725 433 3207 518 (Metaphora).

965 599 1029 659 p*
1081 575 1309 657 Quint.
1365 579 1465 639 So.
1559 573 1620 638 O
1682 575 2028 638 hominem
2088 574 2552 649 fortunatum,
2616 577 2732 657 qui
2789 577 3125 639 eiusmodi
3170 579 3449 643 nuntios
3497 600 3619 644 seu
3665 582 3897 665 potius
3942 582 4257 664 Pegasos

644 687 925 747 habeat!
993 687 1125 763 {qui
1181 683 1389 747 biduo
1437 683 1669 744 Roma
1713 689 1905 743 trans
1952 680 2173 762 Alpes
2220 680 2290 743 in
2338 679 2768 764 Segusiauos
2815 687 3193 764 venerant).

965 815 1029 871 p.
1081 791 1297 851 Roas,
1349 791 1503 851 Am.
1555 791 1658 868 98.
1753 784 1911 850 Suis
1958 786 2273 850 manibus
2335 788 2403 851 in
2466 809 2668 853 curru
2728 789 3019 853 collocat
3066 790 3652 855 Automedontem
3700 793 3884 856 illum
3932 793 4257 875 (Mallium

644 895 1021 971 tssilaucifflm
1073 899 1185 979 qui
1241 899 1473 959 deceni
1520 896 1711 959 horis
1757 895 2110 958 nocturnis
2158 914 2288 957 sex
2335 904 2406 957 et
2446 896 2951 979 quinquaginta
2994 896 3200 960 millia
3247 917 3573 981 passuum
3606 898 3788 962 cisiis
3820 901 4257 984 pervolavit).

967 1007 1161 1067 verr.
1217 1003 1297 1067 ᾛ,
1365 1011 1497 1079 [4252.
1588 1001 1847 1065 Verres
1896 1000 2212 1065 infestior
2259 1022 2465 1083 quam
2516 1002 2908 1086 Charybdis
2954 1015 3025 1068 et
3072 1004 3305 1088 Scylla
3355 1006 3583 1087 „quod
3637 1007 3848 1068 multo
3910 1025 3987 1068 se
4049 1007 4258 1089 pluri-

648 1115 781 1175 bus
829 1127 897 1175 et
945 1111 1461 1171 immanioribus
1509 1110 1794 1172 canibus
1842 1109 2322 1171 succinxerav‘
2376 1119 2448 1172 et
2500 1109 2841 1193 „Cyclops
2889 1111 3064 1174 alter
3108 1112 3321 1175 multo
3368 1111 3861 1195 importunior“
3913 1112 4176 1174 dicitur.

969 1219 1133 1279 Item
1193 1219 1277 1279 [le
1337 1219 1477 1279 liar.
1537 1236 1717 1299 resp.
1781 1235 1883 1296 59.
1979 1216 2323 1290 Clodium,
2388 1218 2503 1299 qui
2567 1226 2799 1281 tantas
2863 1222 3163 1302 praedas
3227 1219 3622 1292 exsorbuit,
3688 1240 3842 1281 cum
3905 1217 4254 1300 Charybdi

648 1335 1005 1407 comparat
1057 1339 1141 1395 et.
1197 1327 1309 1407 qui
1361 1324 1644 1387 canibus
1692 1323 1833 1386 suis
1882 1324 2338 1388 eminentibus
2388 1335 2459 1387 et
2505 1325 2747 1388 ieiunis
2791 1336 3022 1389 rostra
3068 1327 3223 1409 ipsa
3268 1325 3550 1400 mandit,
3601 1345 3752 1388 cum
3800 1325 4054 1409 Scylla.

969 1455 1029 1515 p.
1101 1431 1281 1495 Cael.
1353 1435 1445 1495 13*
1561 1428 1869 1494 Clodiam
1939 1431 2246 1494 nominat
2320 1431 2742 1509 „Palatinam
2815 1432 3199 1506 Medeam“,
3271 1433 3450 1496 sicut
3521 1442 3886 1495 accusator
3955 1429 4258 1494 Caelium

652 1539 1093 1623 „pulchellum
1145 1539 1506 1619 Jasonem⁸
1559 1537 2053 1620 appellaverat.

969 1647 1133 1707 Phil.
1185 1647 1265 1707 [I.
1321 1651 1421 1723 ὓς.
1473 1644 1558 1707 de
1605 1645 1951 1708 Antonio:
2003 1644 2200 1727 Quae
2250 1645 2638 1729 Charybdis
2685 1656 2827 1709 tam
2876 1648 3145 1709 vorax?

1859 1825 1919 1903 9)
1966 1822 2276 1887 Inversio
2322 1826 2694 1888 verborum
2751 1825 3040 1906 (Ironie).

965 1987 1032 2047 p..
1085 1967 1309 2027 Flam.
1361 1971 1465 2043 41⁶³-
1556 1962 1889 2027 Habebat
1936 1966 2173 2028 rhetor
2218 1966 2698 2031 adolescentes
2747 1967 3106 2047 quosdam,
3157 1984 3333 2046 quos
3379 1963 3659 2027 dimidio
3691 1965 4015 2029 redderet
4060 1966 4262 2029 stul-

648 2079 901 2139 tiores
953 2095 1153 2155 quam
1205 2081 1592 2155 acceperat.
1685 2071 2046 2134 Neminem
2093 2082 2324 2136 tamen
2371 2075 2550 2137 adeo
2604 2071 2947 2137 infatuare
3007 2080 3321 2156 poterat,
3385 2082 3461 2133 ut
3523 2073 3583 2135 ei
3645 2093 3994 2136 nummum
4056 2073 4260 2136 ullum

648 2183 981 2247 crederet.

969 2311 1029 2371 pr.
1085 2291 1261 2351 [lom.
1325 2307 1461 2347 110.
1526 2287 1616 2348 ad
1665 2284 2011 2360 Clodium,
2078 2287 2194 2369 qui
2241 2286 2483 2349 Bonae
2529 2285 2726 2349 Deae
2788 2306 2988 2350 sacra
3047 2286 3420 2370 polluerat:
3490 2285 3635 2366 „At
3695 2305 3875 2368 quae
3929 2286 4062 2347 dea
4109 2285 4259 2347 est?

648 2395 969 2459 Bonam
1025 2415 1177 2459 esse
1225 2403 1524 2475 oportet,
1575 2392 2131 2475 quandoquidem
2180 2403 2288 2456 est
2334 2395 2463 2456 abs
2508 2403 2580 2456 te
2627 2392 3012 2457 dedicata“.

969 2503 1133 2563 Phil.
1185 2503 1301 2563 ΠΙ,
1357 2523 1429 2563 22
1485 2501 1594 2581 [de
1633 2501 1988 2581 Antonio).
2081 2500 2330 2564 Nonne
2378 2500 2595 2562 satius
2644 2509 2751 2563 est
2796 2511 3057 2564 mutum
3105 2520 3281 2578 esse,
3330 2519 3537 2580 quam
3585 2501 3771 2582 quod
3817 2518 4020 2562 nemo
4067 2496 4260 2560 intel-

648 2611 833 2691 legat
885 2611 1153 2671 [licei-e?
1253 2611 1353 2671 En
1417 2629 1534 2671 cur
1594 2610 1927 2691 magister
1989 2608 2135 2690 ejus
2191 2606 2262 2671 S.
2314 2605 2592 2670 Clodius
2655 2607 3015 2689 possideat
3076 2609 3211 2670 duo
3274 2607 3479 2669 millia
3541 2607 3853 2689 iugerum
3914 2606 4256 2678 immunia,

652 2731 720 2779 ut
768 2719 1109 2779 huminem
1161 2715 1479 2779 stolidum
1525 2717 1808 2800 magis
1857 2716 2125 2779 etiam
2172 2713 2571 2778 infatuet
2616 2716 2935 2778 mercede
2982 2714 3276 2798 publica.

1730 2898 1825 2976 10)
1874 2894 2113 2958 Verba
2159 2894 2378 2958 relata
2426 2894 2769 2957 contrarie
2817 2887 3193 2975 (ἀντίθετα).

969 3040 1053 3100 de
1101 3040 1233 3120 leg,
1285 3060 1429 3120 agr.
1481 3037 1563 3100 Π.
1614 3058 1718 3115 44.
1791 3058 1944 3100 cum
2006 3036 2251 3101 Rullus
2313 3037 2744 3100 decemviros
2807 3036 3024 3099 creari
3085 3035 3290 3098 vellet
3350 3035 3489 3117 legi
3553 3034 3861 3098 aerariae
3928 3033 4259 3116 „primum

648 3160 789 3204 tum
841 3144 1074 3228 populi
1121 3144 1421 3208 Romani
1470 3146 1924 3208 hereditatem
1972 3143 2402 3208 decemviri
2448 3144 2771 3217 iudicent,
2820 3163 2973 3206 cum
3020 3162 3147 3206 vos
3195 3143 3548 3206 volueritis
3596 3143 3683 3206 de
3729 3142 4021 3225 privatis
4066 3142 4261 3203 here-

648 3252 981 3312 ditatibus
1033 3252 1537 3316 centumviros
1580 3252 1907 3334 judicare.

969 3412 1161 3472 Haec
1213 3412 1421 3492 igitur
1469 3431 1559 3473 ex
1607 3411 2038 3474 orationibus
2086 3410 2333 3492 collegi
2381 3410 2736 3491 utriusque
2783 3411 3060 3493 generis
3122 3409 3528 3474 facetiarum
3591 3408 3946 3492 exempla:
4012 3409 4261 3489 quibus

648 3540 728 3580 ea
781 3520 973 3600 potui
1025 3520 1277 3580 addere
1325 3540 1503 3596 quae
1550 3537 1689 3581 non
1752 3537 1978 3600 pauca
2038 3517 2108 3580 in
2170 3518 2481 3600 epistolis
2545 3527 2791 3580 extant
2853 3527 2972 3580 aut
3035 3538 3126 3581 ex
3190 3519 3595 3600 quotidiano
3657 3536 3976 3580 sermone
4038 3525 4107 3578 et
4169 3535 4262 3577 ex

644 3628 1045 3708 judiciorum
1097 3624 1656 3688 altercationibus
1702 3646 1744 3688 a
1774 3624 2145 3687 Plutarcho
2195 3634 2266 3686 et
2299 3623 2717 3704 Quintiliano
2766 3622 3179 3700 afferuntur;
3229 3628 3351 3689 sed
3399 3626 3677 3689 tametsi
3722 3619 3917 3698 haec}
3968 3643 4146 3704 quae
4193 3623 4260 3683 in

646 3732 913 3812 judiciis
965 3732 1189 3792 facete
1249 3732 1453 3800 (lixit,
1513 3754 1652 3796 non
1715 3734 2087 3795 abhorrent
2136 3751 2178 3793 a
2225 3751 2506 3793 munere
2568 3731 2909 3805 oratori0‚
2967 3742 3198 3796 tamen
3261 3733 3638 3795 consistere
3703 3740 3984 3814 oportet
4048 3731 4114 3791 in
4177 3729 4260 3791 iis

652 3840 897 3920 quibus
945 3840 1121 3900 hanc
1173 3838 1821 3920 disputatiunculam
1869 3837 2370 3919 circumscripsi
2417 3835 2687 3900 finibus,

3164 4142 3317 4219 Dr.
3373 4141 3694 4220 Anton
3750 4140 4153 4219 Haacke.

2140 4627 2301 4634 --υθῳ
2324 4627 2526 4634 v———m
2540 4628 2606 4634 --
2622 4627 2774 4633 ..ψ-
