<?xml version="1.0" encoding="UTF-8"?>
<!DOCTYPE html PUBLIC "-//W3C//DTD XHTML 1.0 Transitional//EN"
    "http://www.w3.org/TR/xhtml1/DTD/xhtml1-transitional.dtd">
<html xmlns="http://www.w3.org/1999/xhtml" xml:lang="en" lang="en">
 <head>
  <title>
</title>
<meta http-equiv="Content-Type" content="text/html;charset=utf-8" />
  <meta name='ocr-system' content='tesseract 3.04.00' />
  <meta name='ocr-capabilities' content='ocr_page ocr_carea ocr_par ocr_line ocrx_word'/>
</head>
<body>
  <div class='ocr_page' id='page_1' title='image "./deciceronisinor00haacgoog_0009.png"; bbox 0 0 4717 5575; ppageno 0'>
   <div class='ocr_carea' id='block_1_1' title="bbox 1027 289 1215 349">
    <p class='ocr_par' dir='ltr' id='par_1_1' title="bbox 1027 289 1215 349">
     <span class='ocr_line' id='line_1_1' title="bbox 1027 289 1215 349; baseline -0.005 -15"><span class='ocrx_word' id='word_1_1' title='bbox 1027 289 1215 349; x_wconf 70' lang='lat'>..5-</span> 
     </span>
    </p>
   </div>
   <div class='ocr_carea' id='block_1_2' title="bbox 428 501 1738 1228">
    <p class='ocr_par' dir='ltr' id='par_1_2' title="bbox 433 501 1431 586">
     <span class='ocr_line' id='line_1_2' title="bbox 433 501 1431 586; baseline -0.004 -19"><span class='ocrx_word' id='word_1_2' title='bbox 433 507 459 586; x_wconf 87' lang='lat'>1)</span> <span class='ocrx_word' id='word_1_3' title='bbox 483 501 787 585; x_wconf 86' lang='lat' dir='ltr'>expectationibus</span> <span class='ocrx_word' id='word_1_4' title='bbox 811 503 1022 585; x_wconf 85' lang='lat' dir='ltr'>decipiendis</span> <span class='ocrx_word' id='word_1_5' title='bbox 1046 501 1325 581; x_wconf 87' lang='lat' dir='ltr'>(Unerwartetes)</span> <span class='ocrx_word' id='word_1_6' title='bbox 1360 503 1431 580; x_wconf 78' lang='lat'>284.</span> 
     </span>
    </p>

    <p class='ocr_par' dir='ltr' id='par_1_3' title="bbox 429 608 1622 692">
     <span class='ocr_line' id='line_1_3' title="bbox 429 608 1622 692; baseline -0.004 -18"><span class='ocrx_word' id='word_1_7' title='bbox 429 613 459 692; x_wconf 93' lang='grc'>2)</span> <span class='ocrx_word' id='word_1_8' title='bbox 483 610 615 674; x_wconf 90' lang='lat' dir='ltr'>naturis</span> <span class='ocrx_word' id='word_1_9' title='bbox 639 610 782 673; x_wconf 91' lang='lat' dir='ltr'>aliorum</span> <span class='ocrx_word' id='word_1_10' title='bbox 805 610 987 674; x_wconf 86' lang='lat' dir='ltr'>irridendis</span> <span class='ocrx_word' id='word_1_11' title='bbox 1012 610 1200 690; x_wconf 84' lang='lat' dir='ltr'>(komisehe</span> <span class='ocrx_word' id='word_1_12' title='bbox 1225 608 1513 686; x_wconf 77' lang='lat' dir='ltr'>Charakteristik)</span> <span class='ocrx_word' id='word_1_13' title='bbox 1550 613 1622 684; x_wconf 74' lang='lat'><strong>264.</strong></span> 
     </span>
    </p>

    <p class='ocr_par' dir='ltr' id='par_1_4' title="bbox 428 714 1738 906">
     <span class='ocr_line' id='line_1_4' title="bbox 429 714 1738 800; baseline -0.005 -20"><span class='ocrx_word' id='word_1_14' title='bbox 429 721 459 800; x_wconf 79' lang='lat'>3)</span> <span class='ocrx_word' id='word_1_15' title='bbox 482 717 614 780; x_wconf 89' lang='lat' dir='ltr'>naturis</span> <span class='ocrx_word' id='word_1_16' title='bbox 638 717 792 798; x_wconf 88' lang='lat' dir='ltr'>ipsorum</span> <span class='ocrx_word' id='word_1_17' title='bbox 815 718 956 781; x_wconf 82' lang='lat' dir='ltr'>ridicule</span> <span class='ocrx_word' id='word_1_18' title='bbox 979 718 1171 781; x_wconf 88' lang='lat' dir='ltr'>iudicandis</span> <span class='ocrx_word' id='word_1_19' title='bbox 1195 716 1344 798; x_wconf 89' lang='lat' dir='ltr'>(witzige</span> <span class='ocrx_word' id='word_1_20' title='bbox 1368 714 1738 796; x_wconf 81' lang='lat' dir='ltr'>Selbstverspottung).</span> 
     </span>
     <span class='ocr_line' id='line_1_5' title="bbox 428 823 1258 906; baseline 0 -20"><span class='ocrx_word' id='word_1_21' title='bbox 428 828 458 906; x_wconf 81' lang='lat'>4)</span> <span class='ocrx_word' id='word_1_22' title='bbox 482 823 703 887; x_wconf 87' lang='lat' dir='ltr'>similitudine</span> <span class='ocrx_word' id='word_1_23' title='bbox 726 824 889 906; x_wconf 86' lang='lat' dir='ltr'>turpioris</span> <span class='ocrx_word' id='word_1_24' title='bbox 913 824 1147 905; x_wconf 78' lang='lat' dir='ltr'>(Karrikatur)</span> <span class='ocrx_word' id='word_1_25' title='bbox 1185 827 1258 887; x_wconf 91' lang='grc'>266.</span> 
     </span>
    </p>

    <p class='ocr_par' dir='ltr' id='par_1_5' title="bbox 430 930 1023 1012">
     <span class='ocr_line' id='line_1_6' title="bbox 430 930 1023 1012; baseline 0.002 -19"><span class='ocrx_word' id='word_1_26' title='bbox 430 936 459 1012; x_wconf 76' lang='grc'>5)</span> <span class='ocrx_word' id='word_1_27' title='bbox 484 930 754 994; x_wconf 84' lang='lat' dir='ltr'>dissimulatione</span> <span class='ocrx_word' id='word_1_28' title='bbox 779 931 913 1012; x_wconf 82' lang='lat' dir='ltr'>(ironic)</span> <span class='ocrx_word' id='word_1_29' title='bbox 950 936 1023 1011; x_wconf 89' lang='lat'>269.</span> 
     </span>
    </p>

    <p class='ocr_par' dir='ltr' id='par_1_6' title="bbox 429 1019 1543 1120">
     <span class='ocr_line' id='line_1_7' title="bbox 429 1019 1543 1120; baseline -0.004 -19"><span class='ocrx_word' id='word_1_30' title='bbox 429 1043 459 1120; x_wconf 82' lang='lat'>6)</span> <span class='ocrx_word' id='word_1_31' title='bbox 483 1040 703 1101; x_wconf 83' lang='lat' dir='ltr'>subabsurda</span> <span class='ocrx_word' id='word_1_32' title='bbox 726 1038 872 1101; x_wconf 91' lang='lat' dir='ltr'>dicendo</span> <span class='ocrx_word' id='word_1_33' title='bbox 896 1038 1091 1115; x_wconf 81' lang='lat' dir='ltr'>(scheinbar</span> <span class='ocrx_word' id='word_1_34' title='bbox 1114 1035 1292 1118; x_wconf 78' lang='lat' dir='ltr'>ainfaltige</span> <span class='ocrx_word' id='word_1_35' title='bbox 1316 1019 1543 1118; x_wconf 77' lang='lat' dir='ltr'>iiusserung).</span> 
     </span>
    </p>

    <p class='ocr_par' dir='ltr' id='par_1_7' title="bbox 429 1142 1539 1228">
     <span class='ocr_line' id='line_1_8' title="bbox 429 1142 1539 1228; baseline -0.004 -19"><span class='ocrx_word' id='word_1_36' title='bbox 429 1147 459 1228; x_wconf 84' lang='lat'>7)</span> <span class='ocrx_word' id='word_1_37' title='bbox 484 1147 589 1209; x_wconf 90' lang='lat' dir='ltr'>stulta</span> <span class='ocrx_word' id='word_1_38' title='bbox 612 1146 899 1227; x_wconf 88' lang='lat' dir='ltr'>reprehendendo</span> <span class='ocrx_word' id='word_1_39' title='bbox 923 1142 1142 1225; x_wconf 84' lang='lat' dir='ltr'>(Geisselung</span> <span class='ocrx_word' id='word_1_40' title='bbox 1165 1144 1228 1205; x_wconf 89' lang='lat' dir='ltr'>der</span> <span class='ocrx_word' id='word_1_41' title='bbox 1251 1144 1429 1223; x_wconf 81' lang='lat' dir='ltr'>Thorheit)</span> <span class='ocrx_word' id='word_1_42' title='bbox 1468 1147 1539 1205; x_wconf 90' lang='lat'><strong>280.</strong></span> 
     </span>
    </p>
   </div>
   <div class='ocr_carea' id='block_1_3' title="bbox 213 1267 2024 2420">
    <p class='ocr_par' dir='ltr' id='par_1_8' title="bbox 213 1267 2024 2420">
     <span class='ocr_line' id='line_1_9' title="bbox 376 1267 2022 1350; baseline -0.001 -20"><span class='ocrx_word' id='word_1_43' title='bbox 376 1268 487 1332; x_wconf 90' lang='lat' dir='ltr'>Venio</span> <span class='ocrx_word' id='word_1_44' title='bbox 509 1288 600 1331; x_wconf 87' lang='lat' dir='ltr'>nunc</span> <span class='ocrx_word' id='word_1_45' title='bbox 620 1269 665 1330; x_wconf 88' lang='lat' dir='ltr'>ad</span> <span class='ocrx_word' id='word_1_46' title='bbox 685 1267 829 1330; x_wconf 89' lang='lat' dir='ltr'>alterum</span> <span class='ocrx_word' id='word_1_47' title='bbox 850 1287 961 1349; x_wconf 86' lang='lat' dir='ltr'>genus</span> <span class='ocrx_word' id='word_1_48' title='bbox 978 1267 1190 1341; x_wconf 82' lang='lat' dir='ltr'>facetiarum,</span> <span class='ocrx_word' id='word_1_49' title='bbox 1215 1269 1309 1350; x_wconf 94' lang='lat' dir='ltr'>quod</span> <span class='ocrx_word' id='word_1_50' title='bbox 1332 1269 1461 1331; x_wconf 89' lang='lat' dir='ltr'>verbi</span> <span class='ocrx_word' id='word_1_51' title='bbox 1484 1268 1661 1331; x_wconf 90' lang='lat' dir='ltr'>ratione</span> <span class='ocrx_word' id='word_1_52' title='bbox 1686 1278 1728 1329; x_wconf 88' lang='lat' dir='ltr'>et</span> <span class='ocrx_word' id='word_1_53' title='bbox 1751 1267 1794 1329; x_wconf 91' lang='lat' dir='ltr'>vi</span> <span class='ocrx_word' id='word_1_54' title='bbox 1818 1267 2022 1339; x_wconf 84' lang='lat' dir='ltr'>continetur,</span> 
     </span>
     <span class='ocr_line' id='line_1_10' title="bbox 216 1373 2024 1459; baseline -0.003 -20"><span class='ocrx_word' id='word_1_55' title='bbox 216 1386 417 1459; x_wconf 85' lang='lat' dir='ltr'>peracutum</span> <span class='ocrx_word' id='word_1_56' title='bbox 440 1385 476 1439; x_wconf 90' lang='lat' dir='ltr'>et</span> <span class='ocrx_word' id='word_1_57' title='bbox 504 1378 629 1449; x_wconf 90' lang='lat' dir='ltr'>breve,</span> <span class='ocrx_word' id='word_1_58' title='bbox 663 1375 898 1447; x_wconf 85' lang='lat' dir='ltr'>dicacitatem,</span> <span class='ocrx_word' id='word_1_59' title='bbox 931 1377 975 1439; x_wconf 89' lang='lat' dir='ltr'>de</span> <span class='ocrx_word' id='word_1_60' title='bbox 1006 1396 1074 1458; x_wconf 89' lang='lat' dir='ltr'>qua</span> <span class='ocrx_word' id='word_1_61' title='bbox 1097 1377 1214 1459; x_wconf 87' lang='lat' dir='ltr'>agitur</span> <span class='ocrx_word' id='word_1_62' title='bbox 1237 1379 1280 1439; x_wconf 89' lang='lat' dir='ltr'>de</span> <span class='ocrx_word' id='word_1_63' title='bbox 1303 1397 1352 1440; x_wconf 87' lang='lat' dir='ltr'>or.</span> <span class='ocrx_word' id='word_1_64' title='bbox 1376 1376 1418 1438; x_wconf 91' lang='grc' dir='ltr'>Π.</span> <span class='ocrx_word' id='word_1_65' title='bbox 1444 1381 1496 1439; x_wconf 87' lang='grc'>60.</span> <span class='ocrx_word' id='word_1_66' title='bbox 1523 1397 1607 1455; x_wconf 69' lang='lat'><strong>244„</strong></span> <span class='ocrx_word' id='word_1_67' title='bbox 1632 1375 1707 1438; x_wconf 92' lang='lat' dir='ltr'>sive</span> <span class='ocrx_word' id='word_1_68' title='bbox 1730 1373 1907 1437; x_wconf 88' lang='lat' dir='ltr'>ridiculum</span> <span class='ocrx_word' id='word_1_69' title='bbox 1931 1375 2024 1454; x_wconf 89' lang='lat' dir='ltr'>quod</span> 
     </span>
     <span class='ocr_line' id='line_1_11' title="bbox 217 1480 2024 1565; baseline -0.001 -20"><span class='ocrx_word' id='word_1_70' title='bbox 217 1493 269 1545; x_wconf 90' lang='lat' dir='ltr'>est</span> <span class='ocrx_word' id='word_1_71' title='bbox 292 1483 326 1546; x_wconf 93' lang='lat' dir='ltr'>in</span> <span class='ocrx_word' id='word_1_72' title='bbox 350 1483 528 1546; x_wconf 88' lang='lat' dir='ltr'>celeritate</span> <span class='ocrx_word' id='word_1_73' title='bbox 551 1493 658 1565; x_wconf 89' lang='lat' dir='ltr'>atque</span> <span class='ocrx_word' id='word_1_74' title='bbox 682 1483 793 1556; x_wconf 87' lang='lat' dir='ltr'>dicte,</span> <span class='ocrx_word' id='word_1_75' title='bbox 824 1483 859 1545; x_wconf 92' lang='lat' dir='ltr'>in</span> <span class='ocrx_word' id='word_1_76' title='bbox 888 1483 1048 1564; x_wconf 85' lang='lat' dir='ltr'>jaciendo</span> <span class='ocrx_word' id='word_1_77' title='bbox 1076 1484 1315 1565; x_wconf 90' lang='lat' dir='ltr'>mittendoque</span> <span class='ocrx_word' id='word_1_78' title='bbox 1342 1483 1485 1546; x_wconf 92' lang='lat' dir='ltr'>ridiculo</span> <span class='ocrx_word' id='word_1_79' title='bbox 1509 1485 1570 1562; x_wconf 87' lang='lat' dir='ltr'>(or.</span> <span class='ocrx_word' id='word_1_80' title='bbox 1596 1485 1677 1563; x_wconf 83' lang='lat'>87.),</span> <span class='ocrx_word' id='word_1_81' title='bbox 1710 1481 1803 1562; x_wconf 91' lang='lat' dir='ltr'>quod</span> <span class='ocrx_word' id='word_1_82' title='bbox 1834 1480 1932 1542; x_wconf 92' lang='lat' dir='ltr'>verbi</span> <span class='ocrx_word' id='word_1_83' title='bbox 1963 1491 2024 1543; x_wconf 86' lang='lat' dir='ltr'>aut</span> 
     </span>
     <span class='ocr_line' id='line_1_12' title="bbox 214 1587 2024 1672; baseline -0.002 -21"><span class='ocrx_word' id='word_1_84' title='bbox 214 1590 408 1653; x_wconf 86' lang='lat' dir='ltr'>sententiae</span> <span class='ocrx_word' id='word_1_85' title='bbox 433 1590 583 1670; x_wconf 91' lang='lat' dir='ltr'>quodam</span> <span class='ocrx_word' id='word_1_86' title='bbox 606 1590 762 1653; x_wconf 85' lang='lat' dir='ltr'>acumine</span> <span class='ocrx_word' id='word_1_87' title='bbox 785 1600 962 1664; x_wconf 88' lang='lat' dir='ltr'>movetur,</span> <span class='ocrx_word' id='word_1_88' title='bbox 994 1592 1089 1672; x_wconf 91' lang='lat' dir='ltr'>quod</span> <span class='ocrx_word' id='word_1_89' title='bbox 1112 1590 1252 1652; x_wconf 91' lang='lat' dir='ltr'>mutatis</span> <span class='ocrx_word' id='word_1_90' title='bbox 1277 1590 1393 1651; x_wconf 90' lang='lat' dir='ltr'>verbis</span> <span class='ocrx_word' id='word_1_91' title='bbox 1417 1591 1522 1652; x_wconf 88' lang='lat' dir='ltr'>salem</span> <span class='ocrx_word' id='word_1_92' title='bbox 1546 1589 1690 1662; x_wconf 89' lang='lat' dir='ltr'>amittit,</span> <span class='ocrx_word' id='word_1_93' title='bbox 1719 1589 1754 1652; x_wconf 91' lang='lat' dir='ltr'>in</span> <span class='ocrx_word' id='word_1_94' title='bbox 1777 1587 1893 1650; x_wconf 89' lang='lat' dir='ltr'>verbis</span> <span class='ocrx_word' id='word_1_95' title='bbox 1916 1588 2024 1649; x_wconf 89' lang='lat' dir='ltr'>habet</span> 
     </span>
     <span class='ocr_line' id='line_1_13' title="bbox 215 1694 2023 1778; baseline -0.001 -19"><span class='ocrx_word' id='word_1_96' title='bbox 215 1697 366 1778; x_wconf 89' lang='lat' dir='ltr'>leporem</span> <span class='ocrx_word' id='word_1_97' title='bbox 391 1715 544 1770; x_wconf 87' lang='lat' dir='ltr'>omnem;</span> <span class='ocrx_word' id='word_1_98' title='bbox 569 1694 760 1777; x_wconf 70' lang='lat' dir='ltr'>Quintili).</span> <span class='ocrx_word' id='word_1_99' title='bbox 785 1719 814 1775; x_wconf 79' lang='lat'>3.</span> <span class='ocrx_word' id='word_1_100' title='bbox 832 1719 871 1775; x_wconf 80' lang='lat'>43</span> <span class='ocrx_word' id='word_1_101' title='bbox 896 1697 1138 1778; x_wconf 89' lang='lat' dir='ltr'>jaculationem</span> <span class='ocrx_word' id='word_1_102' title='bbox 1161 1700 1346 1759; x_wconf 90' lang='lat' dir='ltr'>verborum</span> <span class='ocrx_word' id='word_1_103' title='bbox 1370 1708 1405 1759; x_wconf 89' lang='lat' dir='ltr'>et</span> <span class='ocrx_word' id='word_1_104' title='bbox 1427 1697 1593 1760; x_wconf 86' lang='lat' dir='ltr'>inclusam</span> <span class='ocrx_word' id='word_1_105' title='bbox 1617 1696 1769 1759; x_wconf 90' lang='lat' dir='ltr'>breviter</span> <span class='ocrx_word' id='word_1_106' title='bbox 1791 1695 2023 1757; x_wconf 87' lang='lat' dir='ltr'>urbanitatem</span> 
     </span>
     <span class='ocr_line' id='line_1_14' title="bbox 213 1802 2024 1878; baseline -0.001 -14"><span class='ocrx_word' id='word_1_107' title='bbox 213 1813 330 1865; x_wconf 89' lang='lat' dir='ltr'>vocat.</span> <span class='ocrx_word' id='word_1_108' title='bbox 378 1802 554 1865; x_wconf 88' lang='lat' dir='ltr'>Dicacitas</span> <span class='ocrx_word' id='word_1_109' title='bbox 578 1813 712 1877; x_wconf 89' lang='lat' dir='ltr'>autem,</span> <span class='ocrx_word' id='word_1_110' title='bbox 737 1804 868 1866; x_wconf 89' lang='lat' dir='ltr'>oratori</span> <span class='ocrx_word' id='word_1_111' title='bbox 892 1807 1084 1868; x_wconf 87' lang='lat' dir='ltr'>cavendum</span> <span class='ocrx_word' id='word_1_112' title='bbox 1108 1815 1179 1878; x_wconf 90' lang='lat' dir='ltr'>est,</span> <span class='ocrx_word' id='word_1_113' title='bbox 1203 1824 1247 1867; x_wconf 88' lang='lat' dir='ltr'>ne</span> <span class='ocrx_word' id='word_1_114' title='bbox 1271 1805 1421 1867; x_wconf 91' lang='lat' dir='ltr'>scurrilis</span> <span class='ocrx_word' id='word_1_115' title='bbox 1445 1804 1620 1877; x_wconf 90' lang='lat' dir='ltr'>videatur;</span> <span class='ocrx_word' id='word_1_116' title='bbox 1653 1803 1860 1865; x_wconf 81' lang='lat' dir='ltr'>nemetiam</span> <span class='ocrx_word' id='word_1_117' title='bbox 1884 1821 2024 1864; x_wconf 87' lang='lat' dir='ltr'>scurrae</span> 
     </span>
     <span class='ocr_line' id='line_1_15' title="bbox 215 1909 2023 1994; baseline -0.001 -24"><span class='ocrx_word' id='word_1_118' title='bbox 215 1917 298 1971; x_wconf 90' lang='lat' dir='ltr'>sunt</span> <span class='ocrx_word' id='word_1_119' title='bbox 321 1909 473 1983; x_wconf 76' lang='lat' dir='ltr'>dicaceS,</span> <span class='ocrx_word' id='word_1_120' title='bbox 505 1911 568 1972; x_wconf 91' lang='lat' dir='ltr'>sed</span> <span class='ocrx_word' id='word_1_121' title='bbox 591 1910 644 1984; x_wconf 92' lang='lat' dir='ltr'>hi,</span> <span class='ocrx_word' id='word_1_122' title='bbox 662 1922 714 1973; x_wconf 52' lang='lat' dir='ltr'>&lt;ut</span> <span class='ocrx_word' id='word_1_123' title='bbox 736 1911 867 1973; x_wconf 89' lang='lat' dir='ltr'>ridiculi</span> <span class='ocrx_word' id='word_1_124' title='bbox 891 1911 1091 1984; x_wconf 87' lang='lat' dir='ltr'>videantur,</span> <span class='ocrx_word' id='word_1_125' title='bbox 1124 1930 1188 1973; x_wconf 90' lang='lat' dir='ltr'>nec</span> <span class='ocrx_word' id='word_1_126' title='bbox 1212 1911 1378 1994; x_wconf 90' lang='lat' dir='ltr'>temporis</span> <span class='ocrx_word' id='word_1_127' title='bbox 1402 1929 1466 1972; x_wconf 87' lang='lat' dir='ltr'>nee</span> <span class='ocrx_word' id='word_1_128' title='bbox 1489 1928 1659 1991; x_wconf 85' lang='lat' dir='ltr'>personae</span> <span class='ocrx_word' id='word_1_129' title='bbox 1682 1909 1851 1973; x_wconf 88' lang='lat' dir='ltr'>rationem</span> <span class='ocrx_word' id='word_1_130' title='bbox 1873 1909 2023 1970; x_wconf 87' lang='lat' dir='ltr'>habent:</span> 
     </span>
     <span class='ocr_line' id='line_1_16' title="bbox 217 1999 2023 2100; baseline 0.001 -24"><span class='ocrx_word' id='word_1_131' title='bbox 217 2015 409 2078; x_wconf 89' lang='lat' dir='ltr'>dicacitatis</span> <span class='ocrx_word' id='word_1_132' title='bbox 438 2016 544 2100; x_wconf 87' lang='lat' dir='ltr'>igitur</span> <span class='ocrx_word' id='word_1_133' title='bbox 575 2017 765 2080; x_wconf 87' lang='lat' dir='ltr'>moderatio</span> <span class='ocrx_word' id='word_1_134' title='bbox 797 2028 832 2081; x_wconf 92' lang='lat' dir='ltr'>et</span> <span class='ocrx_word' id='word_1_135' title='bbox 863 2018 988 2080; x_wconf 88' lang='lat' dir='ltr'>raritas</span> <span class='ocrx_word' id='word_1_136' title='bbox 1020 1999 1189 2080; x_wconf 87' lang='lat' dir='ltr'>dictorum</span> <span class='ocrx_word' id='word_1_137' title='bbox 1221 2018 1401 2100; x_wconf 86' lang='lat' dir='ltr'>distinguit</span> <span class='ocrx_word' id='word_1_138' title='bbox 1433 2027 1605 2080; x_wconf 86' lang='lat' dir='ltr'>oratorem</span> <span class='ocrx_word' id='word_1_139' title='bbox 1633 2036 1654 2077; x_wconf 92' lang='lat' dir='ltr'>a</span> <span class='ocrx_word' id='word_1_140' title='bbox 1677 2035 1806 2078; x_wconf 91' lang='lat' dir='ltr'>scurra.</span> <span class='ocrx_word' id='word_1_141' title='bbox 1852 2015 1891 2076; x_wconf 90' lang='lat' dir='ltr'>In</span> <span class='ocrx_word' id='word_1_142' title='bbox 1914 2016 2023 2077; x_wconf 88' lang='lat' dir='ltr'>verbo</span> 
     </span>
     <span class='ocr_line' id='line_1_17' title="bbox 214 2121 2023 2207; baseline -0.001 -23"><span class='ocrx_word' id='word_1_143' title='bbox 214 2122 320 2206; x_wconf 90' lang='lat' dir='ltr'>igitur</span> <span class='ocrx_word' id='word_1_144' title='bbox 350 2123 466 2206; x_wconf 89' lang='lat' dir='ltr'>posita</span> <span class='ocrx_word' id='word_1_145' title='bbox 497 2136 577 2187; x_wconf 88' lang='lat' dir='ltr'>sunt</span> <span class='ocrx_word' id='word_1_146' title='bbox 613 2130 640 2205; x_wconf 86' lang='lat'>1)</span> <span class='ocrx_word' id='word_1_147' title='bbox 663 2125 697 2187; x_wconf 94' lang='lat' dir='ltr'>in</span> <span class='ocrx_word' id='word_1_148' title='bbox 729 2126 846 2207; x_wconf 87' lang='lat' dir='ltr'>pn&#39;mis</span> <span class='ocrx_word' id='word_1_149' title='bbox 878 2125 1059 2207; x_wconf 89' lang='lat' dir='ltr'>ambigua,</span> <span class='ocrx_word' id='word_1_150' title='bbox 1091 2145 1169 2188; x_wconf 91' lang='lat' dir='ltr'>cum</span> <span class='ocrx_word' id='word_1_151' title='bbox 1200 2126 1253 2189; x_wconf 92' lang='lat' dir='ltr'>vis</span> <span class='ocrx_word' id='word_1_152' title='bbox 1276 2125 1373 2188; x_wconf 91' lang='lat' dir='ltr'>verbi</span> <span class='ocrx_word' id='word_1_153' title='bbox 1397 2126 1443 2187; x_wconf 87' lang='lat' dir='ltr'>ad</span> <span class='ocrx_word' id='word_1_154' title='bbox 1466 2126 1557 2186; x_wconf 90' lang='lat' dir='ltr'>aliud</span> <span class='ocrx_word' id='word_1_155' title='bbox 1581 2134 1687 2204; x_wconf 87' lang='lat' dir='ltr'>atque</span> <span class='ocrx_word' id='word_1_156' title='bbox 1711 2121 1817 2184; x_wconf 90' lang='lat' dir='ltr'>ceteri</span> <span class='ocrx_word' id='word_1_157' title='bbox 1840 2121 2023 2203; x_wconf 86' lang='lat' dir='ltr'>accipiunt,</span> 
     </span>
     <span class='ocr_line' id='line_1_18' title="bbox 215 2227 2024 2314; baseline -0.002 -22"><span class='ocrx_word' id='word_1_158' title='bbox 215 2230 360 2293; x_wconf 89' lang='lat' dir='ltr'>ducitur.</span> <span class='ocrx_word' id='word_1_159' title='bbox 407 2231 509 2294; x_wconf 87' lang='lat' dir='ltr'>Hanc</span> <span class='ocrx_word' id='word_1_160' title='bbox 541 2232 804 2314; x_wconf 81' lang='lat' dir='ltr'>ambiguitatem</span> <span class='ocrx_word' id='word_1_161' title='bbox 836 2230 1065 2312; x_wconf 82' lang='lat' dir='ltr'>Quintilianus</span> <span class='ocrx_word' id='word_1_162' title='bbox 1095 2232 1252 2294; x_wconf 91' lang='lat' dir='ltr'>nominat</span> <span class='ocrx_word' id='word_1_163' title='bbox 1281 2231 1525 2314; x_wconf 90' lang='lat' dir='ltr'>amphiboliam</span> <span class='ocrx_word' id='word_1_164' title='bbox 1557 2239 1593 2293; x_wconf 90' lang='lat' dir='ltr'>et</span> <span class='ocrx_word' id='word_1_165' title='bbox 1623 2228 1806 2311; x_wconf 88' lang='lat' dir='ltr'>pervenire</span> <span class='ocrx_word' id='word_1_166' title='bbox 1837 2248 1945 2310; x_wconf 91' lang='lat' dir='ltr'>usque</span> <span class='ocrx_word' id='word_1_167' title='bbox 1979 2227 2024 2289; x_wconf 90' lang='lat' dir='ltr'>ad</span> 
     </span>
     <span class='ocr_line' id='line_1_19' title="bbox 214 2336 1681 2420; baseline 0 -22"><span class='ocrx_word' id='word_1_168' title='bbox 214 2337 375 2419; x_wconf 86' lang='lat' dir='ltr'>aenigma</span> <span class='ocrx_word' id='word_1_169' title='bbox 398 2337 491 2411; x_wconf 86' lang='lat' dir='ltr'>dicit,</span> <span class='ocrx_word' id='word_1_170' title='bbox 517 2338 613 2400; x_wconf 92' lang='lat' dir='ltr'>cuius</span> <span class='ocrx_word' id='word_1_171' title='bbox 637 2339 835 2419; x_wconf 87' lang='lat' dir='ltr'>exemplum</span> <span class='ocrx_word' id='word_1_172' title='bbox 857 2337 960 2400; x_wconf 88' lang='lat' dir='ltr'>affert</span> <span class='ocrx_word' id='word_1_173' title='bbox 983 2358 1029 2400; x_wconf 89' lang='lat' dir='ltr'>ex</span> <span class='ocrx_word' id='word_1_174' title='bbox 1054 2336 1230 2401; x_wconf 86' lang='lat' dir='ltr'>Ciceronis</span> <span class='ocrx_word' id='word_1_175' title='bbox 1253 2357 1317 2420; x_wconf 94' lang='lat' dir='ltr'>pro</span> <span class='ocrx_word' id='word_1_176' title='bbox 1342 2336 1488 2400; x_wconf 89' lang='lat' dir='ltr'>Fonteio</span> <span class='ocrx_word' id='word_1_177' title='bbox 1514 2337 1681 2399; x_wconf 88' lang='lat' dir='ltr'>oratione.</span> 
     </span>
    </p>
   </div>
   <div class='ocr_carea' id='block_1_4' title="bbox 429 2453 2025 2652">
    <p class='ocr_par' dir='ltr' id='par_1_9' title="bbox 429 2453 2025 2652">
     <span class='ocr_line' id='line_1_20' title="bbox 429 2453 2025 2545; baseline -0.003 -21"><span class='ocrx_word' id='word_1_178' title='bbox 429 2464 459 2542; x_wconf 84' lang='lat'>2)</span> <span class='ocrx_word' id='word_1_179' title='bbox 483 2482 560 2525; x_wconf 90' lang='lat' dir='ltr'>cum</span> <span class='ocrx_word' id='word_1_180' title='bbox 591 2462 684 2525; x_wconf 88' lang='lat' dir='ltr'>aliud</span> <span class='ocrx_word' id='word_1_181' title='bbox 714 2475 959 2545; x_wconf 84' lang='lat' dir='ltr'>expectamus,</span> <span class='ocrx_word' id='word_1_182' title='bbox 991 2461 1083 2523; x_wconf 91' lang='lat' dir='ltr'>aliud</span> <span class='ocrx_word' id='word_1_183' title='bbox 1113 2461 1237 2525; x_wconf 89' lang='lat' dir='ltr'>dicitur</span> <span class='ocrx_word' id='word_1_184' title='bbox 1268 2453 1539 2545; x_wconf 70' lang='grc' dir='ltr'>(ἀπροσδόκηῑον).</span> <span class='ocrx_word' id='word_1_185' title='bbox 1586 2459 1718 2542; x_wconf 82' lang='lat' dir='ltr'>Quodsi</span> <span class='ocrx_word' id='word_1_186' title='bbox 1750 2459 1941 2522; x_wconf 88' lang='lat' dir='ltr'>admixtum</span> <span class='ocrx_word' id='word_1_187' title='bbox 1971 2469 2025 2520; x_wconf 90' lang='lat' dir='ltr'>est</span> 
     </span>
     <span class='ocr_line' id='line_1_21' title="bbox 483 2569 1049 2652; baseline -0.002 -20"><span class='ocrx_word' id='word_1_188' title='bbox 483 2571 587 2633; x_wconf 88' lang='lat' dir='ltr'>etiam</span> <span class='ocrx_word' id='word_1_189' title='bbox 612 2571 822 2652; x_wconf 87' lang='lat' dir='ltr'>ambiguum,</span> <span class='ocrx_word' id='word_1_190' title='bbox 846 2569 886 2633; x_wconf 92' lang='lat' dir='ltr'>fit</span> <span class='ocrx_word' id='word_1_191' title='bbox 908 2569 1049 2642; x_wconf 88' lang='lat' dir='ltr'>salsius;</span> 
     </span>
    </p>
   </div>
   <div class='ocr_carea' id='block_1_5' title="bbox 429 2693 1869 2778">
    <p class='ocr_par' dir='ltr' id='par_1_10' title="bbox 429 2693 1869 2778">
     <span class='ocr_line' id='line_1_22' title="bbox 429 2693 1869 2778; baseline -0.002 -20"><span class='ocrx_word' id='word_1_192' title='bbox 429 2695 459 2776; x_wconf 80' lang='lat'>3)</span> <span class='ocrx_word' id='word_1_193' title='bbox 483 2715 573 2777; x_wconf 90' lang='lat' dir='ltr'>quae</span> <span class='ocrx_word' id='word_1_194' title='bbox 596 2696 727 2758; x_wconf 86' lang='lat' dir='ltr'>habent</span> <span class='ocrx_word' id='word_1_195' title='bbox 751 2715 895 2778; x_wconf 90' lang='lat' dir='ltr'>parvam</span> <span class='ocrx_word' id='word_1_196' title='bbox 919 2694 1017 2758; x_wconf 91' lang='lat' dir='ltr'>verbi</span> <span class='ocrx_word' id='word_1_197' title='bbox 1042 2694 1313 2757; x_wconf 89' lang='lat' dir='ltr'>immutationem</span> <span class='ocrx_word' id='word_1_198' title='bbox 1337 2695 1583 2778; x_wconf 79' lang='grc' dir='ltr'><strong><em>(παρονομασία,</em></strong></span> <span class='ocrx_word' id='word_1_199' title='bbox 1608 2693 1869 2773; x_wconf 88' lang='lat' dir='ltr'>annominatio);</span> 
     </span>
    </p>
   </div>
   <div class='ocr_carea' id='block_1_6' title="bbox 430 2818 2024 3001">
    <p class='ocr_par' dir='ltr' id='par_1_11' title="bbox 430 2818 2024 3001">
     <span class='ocr_line' id='line_1_23' title="bbox 430 2818 2024 2902; baseline -0.003 -18"><span class='ocrx_word' id='word_1_200' title='bbox 430 2820 460 2901; x_wconf 83' lang='grc'>4)</span> <span class='ocrx_word' id='word_1_201' title='bbox 483 2821 724 2902; x_wconf 87' lang='lat' dir='ltr'>interpretatio</span> <span class='ocrx_word' id='word_1_202' title='bbox 762 2820 928 2894; x_wconf 80' lang='lat' dir='ltr'>nominiS,</span> <span class='ocrx_word' id='word_1_203' title='bbox 973 2839 1050 2882; x_wconf 91' lang='lat' dir='ltr'>cum</span> <span class='ocrx_word' id='word_1_204' title='bbox 1093 2821 1139 2884; x_wconf 87' lang='lat' dir='ltr'>ad</span> <span class='ocrx_word' id='word_1_205' title='bbox 1178 2820 1357 2884; x_wconf 91' lang='lat' dir='ltr'>ridiculum</span> <span class='ocrx_word' id='word_1_206' title='bbox 1396 2820 1569 2883; x_wconf 88' lang='lat' dir='ltr'>convertis</span> <span class='ocrx_word' id='word_1_207' title='bbox 1605 2819 1831 2901; x_wconf 89' lang='lat' dir='ltr'>quamobrem</span> <span class='ocrx_word' id='word_1_208' title='bbox 1864 2819 1912 2881; x_wconf 86' lang='lat' dir='ltr'>ita</span> <span class='ocrx_word' id='word_1_209' title='bbox 1947 2818 2024 2899; x_wconf 88' lang='lat' dir='ltr'>quis</span> 
     </span>
     <span class='ocr_line' id='line_1_24' title="bbox 486 2937 646 3001; baseline 0.006 -12"><span class='ocrx_word' id='word_1_210' title='bbox 486 2937 646 3001; x_wconf 70' lang='lat' dir='ltr'>vocetur:</span> 
     </span>
    </p>
   </div>
   <div class='ocr_carea' id='block_1_7' title="bbox 428 3049 2025 3243">
    <p class='ocr_par' dir='ltr' id='par_1_12' title="bbox 428 3049 2025 3243">
     <span class='ocr_line' id='line_1_25' title="bbox 428 3049 2025 3135; baseline -0.003 -20"><span class='ocrx_word' id='word_1_211' title='bbox 428 3055 458 3133; x_wconf 80' lang='lat'>5)</span> <span class='ocrx_word' id='word_1_212' title='bbox 482 3072 589 3135; x_wconf 87' lang='lat' dir='ltr'>saepe</span> <span class='ocrx_word' id='word_1_213' title='bbox 612 3072 734 3115; x_wconf 90' lang='lat' dir='ltr'>versus</span> <span class='ocrx_word' id='word_1_214' title='bbox 758 3051 872 3115; x_wconf 82' lang='lat' dir='ltr'>facete</span> <span class='ocrx_word' id='word_1_215' title='bbox 896 3051 1143 3133; x_wconf 87' lang='lat' dir='ltr'>interponitur,</span> <span class='ocrx_word' id='word_1_216' title='bbox 1175 3051 1230 3114; x_wconf 89' lang='lat' dir='ltr'>vel</span> <span class='ocrx_word' id='word_1_217' title='bbox 1262 3060 1300 3114; x_wconf 94' lang='lat' dir='ltr'>ut</span> <span class='ocrx_word' id='word_1_218' title='bbox 1330 3062 1401 3125; x_wconf 90' lang='lat' dir='ltr'>est,</span> <span class='ocrx_word' id='word_1_219' title='bbox 1433 3052 1487 3114; x_wconf 89' lang='lat' dir='ltr'>vel</span> <span class='ocrx_word' id='word_1_220' title='bbox 1520 3050 1704 3134; x_wconf 88' lang='lat' dir='ltr'>paullulum</span> <span class='ocrx_word' id='word_1_221' title='bbox 1734 3049 1933 3112; x_wconf 90' lang='lat' dir='ltr'>immutatus</span> <span class='ocrx_word' id='word_1_222' title='bbox 1964 3058 2025 3112; x_wconf 88' lang='lat' dir='ltr'>aut</span> 
     </span>
     <span class='ocr_line' id='line_1_26' title="bbox 482 3157 1202 3243; baseline -0.001 -22"><span class='ocrx_word' id='word_1_223' title='bbox 482 3159 597 3241; x_wconf 89' lang='lat' dir='ltr'>aliqua</span> <span class='ocrx_word' id='word_1_224' title='bbox 620 3179 702 3243; x_wconf 89' lang='lat' dir='ltr'>pars</span> <span class='ocrx_word' id='word_1_225' title='bbox 727 3180 867 3223; x_wconf 88' lang='lat' dir='ltr'>versus:</span> <span class='ocrx_word' id='word_1_226' title='bbox 891 3160 975 3222; x_wconf 88' lang='lat' dir='ltr'>item</span> <span class='ocrx_word' id='word_1_227' title='bbox 998 3157 1202 3241; x_wconf 86' lang='lat' dir='ltr'>proverbia;</span> 
     </span>
    </p>
   </div>
   <div class='ocr_carea' id='block_1_8' title="bbox 428 3283 1658 3366">
    <p class='ocr_par' dir='ltr' id='par_1_13' title="bbox 428 3283 1658 3366">
     <span class='ocr_line' id='line_1_27' title="bbox 428 3283 1658 3366; baseline -0.001 -21"><span class='ocrx_word' id='word_1_228' title='bbox 428 3286 459 3364; x_wconf 92' lang='grc'>6)</span> <span class='ocrx_word' id='word_1_229' title='bbox 483 3303 559 3345; x_wconf 92' lang='lat' dir='ltr'>cum</span> <span class='ocrx_word' id='word_1_230' title='bbox 583 3285 628 3346; x_wconf 89' lang='lat' dir='ltr'>ad</span> <span class='ocrx_word' id='word_1_231' title='bbox 650 3286 807 3359; x_wconf 86' lang='lat' dir='ltr'>verbum,</span> <span class='ocrx_word' id='word_1_232' title='bbox 832 3304 901 3347; x_wconf 90' lang='lat' dir='ltr'>non</span> <span class='ocrx_word' id='word_1_233' title='bbox 925 3284 970 3346; x_wconf 88' lang='lat' dir='ltr'>ad</span> <span class='ocrx_word' id='word_1_234' title='bbox 993 3284 1200 3347; x_wconf 89' lang='lat' dir='ltr'>sententiam</span> <span class='ocrx_word' id='word_1_235' title='bbox 1223 3303 1295 3346; x_wconf 90' lang='lat' dir='ltr'>rem</span> <span class='ocrx_word' id='word_1_236' title='bbox 1318 3283 1477 3366; x_wconf 85' lang='lat' dir='ltr'>accipere</span> <span class='ocrx_word' id='word_1_237' title='bbox 1500 3283 1658 3355; x_wconf 80' lang='lat' dir='ltr'>videare3</span> 
     </span>
    </p>
   </div>
   <div class='ocr_carea' id='block_1_9' title="bbox 429 3399 2023 3598">
    <p class='ocr_par' dir='ltr' id='par_1_14' title="bbox 429 3399 2023 3598">
     <span class='ocr_line' id='line_1_28' title="bbox 429 3399 2023 3492; baseline -0.004 -21"><span class='ocrx_word' id='word_1_238' title='bbox 429 3412 459 3490; x_wconf 92' lang='grc'>7)</span> <span class='ocrx_word' id='word_1_239' title='bbox 482 3429 572 3489; x_wconf 89' lang='lat' dir='ltr'>quae</span> <span class='ocrx_word' id='word_1_240' title='bbox 596 3418 656 3471; x_wconf 91' lang='lat' dir='ltr'>aut</span> <span class='ocrx_word' id='word_1_241' title='bbox 680 3428 726 3472; x_wconf 89' lang='lat' dir='ltr'>ex</span> <span class='ocrx_word' id='word_1_242' title='bbox 749 3409 929 3472; x_wconf 87' lang='lat' dir='ltr'>immutata</span> <span class='ocrx_word' id='word_1_243' title='bbox 953 3410 1111 3471; x_wconf 88' lang='lat' dir='ltr'>oratione</span> <span class='ocrx_word' id='word_1_244' title='bbox 1134 3409 1305 3471; x_wconf 87' lang='lat' dir='ltr'>ducuntur</span> <span class='ocrx_word' id='word_1_245' title='bbox 1328 3399 1521 3492; x_wconf 72' lang='grc' dir='ltr'>(ἀλληγορία,</span> <span class='ocrx_word' id='word_1_246' title='bbox 1543 3406 1699 3489; x_wconf 79' lang='lat' dir='ltr'>Quintil:</span> <span class='ocrx_word' id='word_1_247' title='bbox 1724 3406 1884 3485; x_wconf 88' lang='lat' dir='ltr'>inversio)</span> <span class='ocrx_word' id='word_1_248' title='bbox 1901 3414 1961 3467; x_wconf 89' lang='lat' dir='ltr'>aut</span> <span class='ocrx_word' id='word_1_249' title='bbox 1978 3424 2023 3465; x_wconf 87' lang='lat' dir='ltr'>ex</span> 
     </span>
     <span class='ocr_line' id='line_1_29' title="bbox 482 3514 1202 3598; baseline -0.003 -19"><span class='ocrx_word' id='word_1_250' title='bbox 482 3516 581 3579; x_wconf 90' lang='lat' dir='ltr'>unius</span> <span class='ocrx_word' id='word_1_251' title='bbox 605 3516 704 3579; x_wconf 90' lang='lat' dir='ltr'>verbi</span> <span class='ocrx_word' id='word_1_252' title='bbox 728 3514 954 3579; x_wconf 89' lang='lat' dir='ltr'>translatione</span> <span class='ocrx_word' id='word_1_253' title='bbox 977 3516 1202 3598; x_wconf 88' lang='lat' dir='ltr'>(Metapher);</span> 
     </span>
    </p>
   </div>
   <div class='ocr_carea' id='block_1_10' title="bbox 427 3639 1586 3845">
    <p class='ocr_par' dir='ltr' id='par_1_15' title="bbox 427 3639 1586 3845">
     <span class='ocr_line' id='line_1_30' title="bbox 428 3639 1586 3723; baseline 0.002 -22"><span class='ocrx_word' id='word_1_254' title='bbox 428 3641 457 3718; x_wconf 88' lang='grc'>8)</span> <span class='ocrx_word' id='word_1_255' title='bbox 483 3649 543 3702; x_wconf 92' lang='lat' dir='ltr'>aut</span> <span class='ocrx_word' id='word_1_256' title='bbox 566 3659 611 3702; x_wconf 89' lang='lat' dir='ltr'>ex</span> <span class='ocrx_word' id='word_1_257' title='bbox 636 3640 833 3702; x_wconf 86' lang='lat' dir='ltr'>inversione</span> <span class='ocrx_word' id='word_1_258' title='bbox 857 3641 1043 3703; x_wconf 90' lang='lat' dir='ltr'>verborum</span> <span class='ocrx_word' id='word_1_259' title='bbox 1067 3639 1237 3723; x_wconf 81' lang='lat' dir='ltr'>(Quintil.:</span> <span class='ocrx_word' id='word_1_260' title='bbox 1261 3640 1382 3715; x_wconf 83' lang='lat' dir='ltr'>illusio,</span> <span class='ocrx_word' id='word_1_261' title='bbox 1406 3640 1586 3722; x_wconf 85' lang='lat' dir='ltr'>Ironie)*);</span> 
     </span>
     <span class='ocr_line' id='line_1_31' title="bbox 427 3756 1132 3845; baseline 0.003 -20"><span class='ocrx_word' id='word_1_262' title='bbox 427 3767 457 3843; x_wconf 83' lang='lat'>9)</span> <span class='ocrx_word' id='word_1_263' title='bbox 481 3766 591 3827; x_wconf 84' lang='lat' dir='ltr'>verba</span> <span class='ocrx_word' id='word_1_264' title='bbox 613 3765 723 3827; x_wconf 91' lang='lat' dir='ltr'>relata</span> <span class='ocrx_word' id='word_1_265' title='bbox 747 3764 919 3827; x_wconf 89' lang='lat' dir='ltr'>contrarie</span> <span class='ocrx_word' id='word_1_266' title='bbox 943 3756 1132 3845; x_wconf 72' lang='grc' dir='ltr'>(ἀντίθετα).</span> 
     </span>
    </p>
   </div>
   <div class='ocr_carea' id='block_1_11' title="bbox 212 3888 2024 4826">
    <p class='ocr_par' dir='ltr' id='par_1_16' title="bbox 212 3888 2023 4290">
     <span class='ocr_line' id='line_1_32' title="bbox 372 3888 2023 3972; baseline -0.001 -21"><span class='ocrx_word' id='word_1_267' title='bbox 372 3888 429 3953; x_wconf 86' lang='lat' dir='ltr'>Ex</span> <span class='ocrx_word' id='word_1_268' title='bbox 459 3889 514 3953; x_wconf 91' lang='lat' dir='ltr'>his</span> <span class='ocrx_word' id='word_1_269' title='bbox 545 3909 636 3972; x_wconf 90' lang='lat' dir='ltr'>quae</span> <span class='ocrx_word' id='word_1_270' title='bbox 667 3890 740 3952; x_wconf 83' lang='lat' dir='ltr'>dixi</span> <span class='ocrx_word' id='word_1_271' title='bbox 770 3890 957 3972; x_wconf 86' lang='lat' dir='ltr'>generibus</span> <span class='ocrx_word' id='word_1_272' title='bbox 989 3890 1023 3952; x_wconf 90' lang='lat' dir='ltr'>in</span> <span class='ocrx_word' id='word_1_273' title='bbox 1055 3890 1202 3971; x_wconf 88' lang='lat' dir='ltr'>epistola</span> <span class='ocrx_word' id='word_1_274' title='bbox 1233 3890 1279 3951; x_wconf 87' lang='lat' dir='ltr'>ad</span> <span class='ocrx_word' id='word_1_275' title='bbox 1310 3888 1528 3951; x_wconf 91' lang='lat' dir='ltr'>Volumnium</span> <span class='ocrx_word' id='word_1_276' title='bbox 1559 3888 1642 3951; x_wconf 88' lang='lat' dir='ltr'>data</span> <span class='ocrx_word' id='word_1_277' title='bbox 1673 3888 1760 3967; x_wconf 77' lang='lat' dir='ltr'>(Vll.</span> <span class='ocrx_word' id='word_1_278' title='bbox 1791 3893 1844 3969; x_wconf 78' lang='lat'>33)</span> <span class='ocrx_word' id='word_1_279' title='bbox 1877 3908 2023 3951; x_wconf 90' lang='lat' dir='ltr'>comme·</span> 
     </span>
     <span class='ocr_line' id='line_1_33' title="bbox 213 3987 2023 4081; baseline 0.002 -26"><span class='ocrx_word' id='word_1_280' title='bbox 213 4005 406 4058; x_wconf 89' lang='lat' dir='ltr'>morantur:</span> <span class='ocrx_word' id='word_1_281' title='bbox 432 3987 622 4081; x_wconf 72' lang='grc' dir='ltr'><strong><em>ἀμφιβολία,</em></strong></span> <span class='ocrx_word' id='word_1_282' title='bbox 639 3994 872 4081; x_wconf 77' lang='grc' dir='ltr'><strong><em>παράγραμμα,</em></strong></span> <span class='ocrx_word' id='word_1_283' title='bbox 890 3993 981 4080; x_wconf 81' lang='grc' dir='ltr'><strong><em>παρὰ</em></strong></span> <span class='ocrx_word' id='word_1_284' title='bbox 997 3995 1208 4081; x_wconf 55' lang='lat' dir='ltr'>mentientem</span> <span class='ocrx_word' id='word_1_285' title='bbox 1223 4036 1264 4042; x_wconf 92' lang='lat'><em>-</em></span> <span class='ocrx_word' id='word_1_286' title='bbox 1279 3987 1438 4080; x_wconf 69' lang='grc' dir='ltr'><strong><em>ὑπερβολή</em></strong></span> <span class='ocrx_word' id='word_1_287' title='bbox 1454 4008 1569 4059; x_wconf 87' lang='lat' dir='ltr'>autern</span> <span class='ocrx_word' id='word_1_288' title='bbox 1582 3997 1666 4077; x_wconf 92' lang='lat' dir='ltr'>(sive</span> <span class='ocrx_word' id='word_1_289' title='bbox 1682 3996 1738 4058; x_wconf 89' lang='lat' dir='ltr'>illa</span> <span class='ocrx_word' id='word_1_290' title='bbox 1761 4015 1851 4078; x_wconf 91' lang='lat' dir='ltr'>quae</span> <span class='ocrx_word' id='word_1_291' title='bbox 1874 3994 2023 4078; x_wconf 89' lang='lat' dir='ltr'>augendi</span> 
     </span>
     <span class='ocr_line' id='line_1_34' title="bbox 213 4103 2023 4186; baseline 0 -23"><span class='ocrx_word' id='word_1_292' title='bbox 213 4120 319 4164; x_wconf 90' lang='lat' dir='ltr'>causa</span> <span class='ocrx_word' id='word_1_293' title='bbox 351 4103 395 4164; x_wconf 91' lang='lat' dir='ltr'>ad</span> <span class='ocrx_word' id='word_1_294' title='bbox 427 4103 661 4167; x_wconf 88' lang='lat' dir='ltr'>incredibilem</span> <span class='ocrx_word' id='word_1_295' title='bbox 693 4104 956 4167; x_wconf 87' lang='lat' dir='ltr'>admirationem</span> <span class='ocrx_word' id='word_1_296' title='bbox 988 4103 1187 4185; x_wconf 86' lang='lat' dir='ltr'>efferuntur)</span> <span class='ocrx_word' id='word_1_297' title='bbox 1219 4103 1371 4186; x_wconf 90' lang='lat' dir='ltr'>pertinet</span> <span class='ocrx_word' id='word_1_298' title='bbox 1401 4105 1447 4166; x_wconf 89' lang='lat' dir='ltr'>ad</span> <span class='ocrx_word' id='word_1_299' title='bbox 1478 4103 1656 4166; x_wconf 89' lang='lat' dir='ltr'>ridiculum</span> <span class='ocrx_word' id='word_1_300' title='bbox 1694 4105 1788 4185; x_wconf 91' lang='lat' dir='ltr'>quod</span> <span class='ocrx_word' id='word_1_301' title='bbox 1828 4113 1882 4166; x_wconf 90' lang='lat' dir='ltr'>est</span> <span class='ocrx_word' id='word_1_302' title='bbox 1920 4104 1954 4165; x_wconf 90' lang='lat' dir='ltr'>in</span> <span class='ocrx_word' id='word_1_303' title='bbox 1986 4122 2023 4164; x_wconf 88' lang='lat' dir='ltr'>re</span> 
     </span>
     <span class='ocr_line' id='line_1_35' title="bbox 212 4208 375 4290; baseline -0.006 -18"><span class='ocrx_word' id='word_1_304' title='bbox 212 4208 375 4290; x_wconf 88' lang='lat' dir='ltr'>positum.</span> 
     </span>
    </p>

    <p class='ocr_par' dir='ltr' id='par_1_17' title="bbox 212 4314 2024 4826">
     <span class='ocr_line' id='line_1_36' title="bbox 373 4314 2023 4399; baseline 0 -22"><span class='ocrx_word' id='word_1_305' title='bbox 373 4314 472 4378; x_wconf 89' lang='lat' dir='ltr'>Haec</span> <span class='ocrx_word' id='word_1_306' title='bbox 495 4314 568 4379; x_wconf 88' lang='lat' dir='ltr'>fere</span> <span class='ocrx_word' id='word_1_307' title='bbox 591 4327 672 4380; x_wconf 91' lang='lat' dir='ltr'>sunt</span> <span class='ocrx_word' id='word_1_308' title='bbox 695 4337 785 4399; x_wconf 90' lang='lat' dir='ltr'>quae</span> <span class='ocrx_word' id='word_1_309' title='bbox 810 4314 932 4381; x_wconf 87' lang='lat' dir='ltr'>Cicero</span> <span class='ocrx_word' id='word_1_310' title='bbox 956 4318 999 4379; x_wconf 89' lang='lat' dir='ltr'>de</span> <span class='ocrx_word' id='word_1_311' title='bbox 1023 4316 1158 4380; x_wconf 89' lang='lat' dir='ltr'>facetiis</span> <span class='ocrx_word' id='word_1_312' title='bbox 1182 4317 1390 4399; x_wconf 85' lang='lat' dir='ltr'>explicavit,</span> <span class='ocrx_word' id='word_1_313' title='bbox 1421 4317 1548 4399; x_wconf 90' lang='lat' dir='ltr'>partim</span> <span class='ocrx_word' id='word_1_314' title='bbox 1579 4316 1731 4381; x_wconf 88' lang='lat' dir='ltr'>fortasse</span> <span class='ocrx_word' id='word_1_315' title='bbox 1754 4338 1801 4380; x_wconf 90' lang='lat' dir='ltr'>ex</span> <span class='ocrx_word' id='word_1_316' title='bbox 1825 4316 2023 4379; x_wconf 88' lang='lat' dir='ltr'>Aristotelis</span> 
     </span>
     <span class='ocr_line' id='line_1_37' title="bbox 214 4421 2023 4508; baseline 0.001 -25"><span class='ocrx_word' id='word_1_317' title='bbox 214 4431 250 4483; x_wconf 88' lang='lat' dir='ltr'>et</span> <span class='ocrx_word' id='word_1_318' title='bbox 264 4421 498 4505; x_wconf 83' lang='lat' dir='ltr'>Tbeophrasti</span> <span class='ocrx_word' id='word_1_319' title='bbox 522 4422 615 4487; x_wconf 90' lang='lat' dir='ltr'>libris</span> <span class='ocrx_word' id='word_1_320' title='bbox 639 4425 697 4505; x_wconf 93' lang='lat' dir='ltr'>qui</span> <span class='ocrx_word' id='word_1_321' title='bbox 722 4434 802 4489; x_wconf 88' lang='lat' dir='ltr'>sunt</span> <span class='ocrx_word' id='word_1_322' title='bbox 826 4426 869 4487; x_wconf 88' lang='lat' dir='ltr'>de</span> <span class='ocrx_word' id='word_1_323' title='bbox 893 4425 1042 4487; x_wconf 92' lang='lat' dir='ltr'>ridiculis</span> <span class='ocrx_word' id='word_1_324' title='bbox 1066 4435 1198 4497; x_wconf 87' lang='lat' dir='ltr'>sumta;</span> <span class='ocrx_word' id='word_1_325' title='bbox 1223 4444 1334 4506; x_wconf 90' lang='lat' dir='ltr'>eaque</span> <span class='ocrx_word' id='word_1_326' title='bbox 1357 4424 1539 4487; x_wconf 91' lang='lat' dir='ltr'>illustravit</span> <span class='ocrx_word' id='word_1_327' title='bbox 1563 4425 1742 4508; x_wconf 88' lang='lat' dir='ltr'>exemplis,</span> <span class='ocrx_word' id='word_1_328' title='bbox 1768 4444 1857 4506; x_wconf 89' lang='lat' dir='ltr'>quae</span> <span class='ocrx_word' id='word_1_329' title='bbox 1873 4424 2023 4487; x_wconf 88' lang='lat' dir='ltr'>maxime</span> 
     </span>
     <span class='ocr_line' id='line_1_38' title="bbox 213 4526 2023 4614; baseline 0.002 -24"><span class='ocrx_word' id='word_1_330' title='bbox 213 4547 260 4590; x_wconf 89' lang='lat' dir='ltr'>ex</span> <span class='ocrx_word' id='word_1_331' title='bbox 292 4526 407 4592; x_wconf 88' lang='lat' dir='ltr'>Crassi</span> <span class='ocrx_word' id='word_1_332' title='bbox 439 4530 653 4594; x_wconf 88' lang='lat' dir='ltr'>orationibus</span> <span class='ocrx_word' id='word_1_333' title='bbox 684 4540 744 4593; x_wconf 91' lang='lat' dir='ltr'>aut</span> <span class='ocrx_word' id='word_1_334' title='bbox 776 4530 917 4595; x_wconf 89' lang='lat' dir='ltr'>Catonis</span> <span class='ocrx_word' id='word_1_335' title='bbox 952 4531 1259 4614; x_wconf 88' lang='lat' dir='ltr'>apophthegmatis</span> <span class='ocrx_word' id='word_1_336' title='bbox 1291 4532 1438 4613; x_wconf 86' lang='lat' dir='ltr'>delegit,</span> <span class='ocrx_word' id='word_1_337' title='bbox 1474 4551 1544 4594; x_wconf 91' lang='lat' dir='ltr'>non</span> <span class='ocrx_word' id='word_1_338' title='bbox 1579 4552 1648 4612; x_wconf 93' lang='lat' dir='ltr'>quo</span> <span class='ocrx_word' id='word_1_339' title='bbox 1683 4529 1819 4593; x_wconf 90' lang='lat' dir='ltr'>iocandi</span> <span class='ocrx_word' id='word_1_340' title='bbox 1853 4529 2023 4593; x_wconf 89' lang='lat' dir='ltr'>rationem</span> 
     </span>
     <span class='ocr_line' id='line_1_39' title="bbox 212 4628 2024 4720; baseline 0.002 -23"><span class='ocrx_word' id='word_1_341' title='bbox 212 4633 389 4716; x_wconf 89' lang='lat' dir='ltr'>quandam</span> <span class='ocrx_word' id='word_1_342' title='bbox 419 4646 454 4698; x_wconf 92' lang='lat' dir='ltr'>et</span> <span class='ocrx_word' id='word_1_343' title='bbox 483 4646 593 4699; x_wconf 87' lang='lat' dir='ltr'>artem</span> <span class='ocrx_word' id='word_1_344' title='bbox 616 4639 787 4712; x_wconf 88' lang='lat' dir='ltr'>traderet,</span> <span class='ocrx_word' id='word_1_345' title='bbox 820 4639 882 4701; x_wconf 89' lang='lat' dir='ltr'>sed</span> <span class='ocrx_word' id='word_1_346' title='bbox 905 4647 943 4700; x_wconf 91' lang='lat' dir='ltr'>ut</span> <span class='ocrx_word' id='word_1_347' title='bbox 967 4658 1009 4701; x_wconf 90' lang='lat' dir='ltr'>ea</span> <span class='ocrx_word' id='word_1_348' title='bbox 1032 4659 1121 4720; x_wconf 87' lang='lat' dir='ltr'>quae</span> <span class='ocrx_word' id='word_1_349' title='bbox 1146 4639 1235 4700; x_wconf 86' lang='lat' dir='ltr'>sieut</span> <span class='ocrx_word' id='word_1_350' title='bbox 1258 4638 1293 4701; x_wconf 90' lang='lat' dir='ltr'>in</span> <span class='ocrx_word' id='word_1_351' title='bbox 1317 4638 1442 4701; x_wconf 89' lang='lat' dir='ltr'>ceteris</span> <span class='ocrx_word' id='word_1_352' title='bbox 1467 4628 1586 4711; x_wconf 87' lang='lat' dir='ltr'>rebus,</span> <span class='ocrx_word' id='word_1_353' title='bbox 1616 4638 1665 4699; x_wconf 91' lang='lat' dir='ltr'>sic</span> <span class='ocrx_word' id='word_1_354' title='bbox 1689 4637 1792 4698; x_wconf 88' lang='lat' dir='ltr'>etiarn</span> <span class='ocrx_word' id='word_1_355' title='bbox 1816 4637 1851 4700; x_wconf 93' lang='lat' dir='ltr'>in</span> <span class='ocrx_word' id='word_1_356' title='bbox 1873 4638 1939 4700; x_wconf 90' lang='lat' dir='ltr'>hac</span> <span class='ocrx_word' id='word_1_357' title='bbox 1963 4649 2024 4701; x_wconf 88' lang='lat' dir='ltr'>aut</span> 
     </span>
     <span class='ocr_line' id='line_1_40' title="bbox 212 4742 1772 4826; baseline 0.002 -23"><span class='ocrx_word' id='word_1_358' title='bbox 212 4750 337 4805; x_wconf 88' lang='lat' dir='ltr'>natura</span> <span class='ocrx_word' id='word_1_359' title='bbox 360 4752 422 4804; x_wconf 90' lang='lat' dir='ltr'>aut</span> <span class='ocrx_word' id='word_1_360' title='bbox 445 4742 558 4805; x_wconf 90' lang='lat' dir='ltr'>studio</span> <span class='ocrx_word' id='word_1_361' title='bbox 583 4753 643 4806; x_wconf 90' lang='lat' dir='ltr'>aut</span> <span class='ocrx_word' id='word_1_362' title='bbox 666 4744 918 4807; x_wconf 86' lang='lat' dir='ltr'>exercitatione</span> <span class='ocrx_word' id='word_1_363' title='bbox 941 4742 1073 4818; x_wconf 88' lang='lat' dir='ltr'>fierent,</span> <span class='ocrx_word' id='word_1_364' title='bbox 1098 4757 1158 4808; x_wconf 88' lang='lat' dir='ltr'>aut</span> <span class='ocrx_word' id='word_1_365' title='bbox 1181 4755 1278 4808; x_wconf 88' lang='lat' dir='ltr'>recta</span> <span class='ocrx_word' id='word_1_366' title='bbox 1301 4765 1380 4808; x_wconf 88' lang='lat' dir='ltr'>esse</span> <span class='ocrx_word' id='word_1_367' title='bbox 1403 4755 1463 4807; x_wconf 91' lang='lat' dir='ltr'>aut</span> <span class='ocrx_word' id='word_1_368' title='bbox 1486 4762 1596 4826; x_wconf 88' lang='lat' dir='ltr'>prava</span> <span class='ocrx_word' id='word_1_369' title='bbox 1620 4744 1772 4806; x_wconf 88' lang='lat' dir='ltr'>doceret.</span> 
     </span>
    </p>
   </div>
   <div class='ocr_carea' id='block_1_12' title="bbox 212 4921 2019 5059">
    <p class='ocr_par' dir='ltr' id='par_1_18' title="bbox 212 4921 2019 5059">
     <span class='ocr_line' id='line_1_41' title="bbox 373 4921 2019 4988; baseline 0.001 -18"><span class='ocrx_word' id='word_1_370' title='bbox 373 4922 396 4985; x_wconf 81' lang='lat'>*)</span> <span class='ocrx_word' id='word_1_371' title='bbox 414 4922 500 4970; x_wconf 85' lang='lat' dir='ltr'>Etiam</span> <span class='ocrx_word' id='word_1_372' title='bbox 520 4921 547 4970; x_wconf 94' lang='lat' dir='ltr'>in</span> <span class='ocrx_word' id='word_1_373' title='bbox 565 4924 695 4985; x_wconf 83' lang='lat' dir='ltr'>perpetuis</span> <span class='ocrx_word' id='word_1_374' title='bbox 715 4924 813 4972; x_wconf 84' lang='lat' dir='ltr'>facetiis</span> <span class='ocrx_word' id='word_1_375' title='bbox 832 4924 930 4971; x_wconf 81' lang='lat' dir='ltr'>ironiae</span> <span class='ocrx_word' id='word_1_376' title='bbox 949 4930 988 4971; x_wconf 86' lang='lat' dir='ltr'>est</span> <span class='ocrx_word' id='word_1_377' title='bbox 1007 4926 1103 4972; x_wconf 84' lang='lat' dir='ltr'>mentio</span> <span class='ocrx_word' id='word_1_378' title='bbox 1122 4925 1203 4983; x_wconf 83' lang='lat' dir='ltr'>iacta,</span> <span class='ocrx_word' id='word_1_379' title='bbox 1222 4926 1266 4973; x_wconf 85' lang='lat' dir='ltr'>sed</span> <span class='ocrx_word' id='word_1_380' title='bbox 1286 4924 1363 4981; x_wconf 80' lang='lat' dir='ltr'>hacc,</span> <span class='ocrx_word' id='word_1_381' title='bbox 1383 4924 1415 4971; x_wconf 90' lang='lat' dir='ltr'>de</span> <span class='ocrx_word' id='word_1_382' title='bbox 1435 4938 1484 4985; x_wconf 87' lang='lat' dir='ltr'>qua</span> <span class='ocrx_word' id='word_1_383' title='bbox 1504 4937 1571 4969; x_wconf 86' lang='lat' dir='ltr'>nunc</span> <span class='ocrx_word' id='word_1_384' title='bbox 1589 4922 1712 4982; x_wconf 76' lang='lat' dir='ltr'>dicimuS,</span> <span class='ocrx_word' id='word_1_385' title='bbox 1735 4923 1760 4971; x_wconf 90' lang='lat' dir='ltr'>in</span> <span class='ocrx_word' id='word_1_386' title='bbox 1781 4925 1851 4973; x_wconf 79' lang='lat' dir='ltr'>dicto</span> <span class='ocrx_word' id='word_1_387' title='bbox 1869 4934 1907 4974; x_wconf 82' lang='lat' dir='ltr'>est</span> <span class='ocrx_word' id='word_1_388' title='bbox 1927 4926 2019 4988; x_wconf 82' lang='lat' dir='ltr'>posita,</span> 
     </span>
     <span class='ocr_line' id='line_1_42' title="bbox 212 5023 365 5059; baseline -0.007 0"><span class='ocrx_word' id='word_1_389' title='bbox 212 5024 265 5059; x_wconf 90' lang='lat' dir='ltr'>non</span> <span class='ocrx_word' id='word_1_390' title='bbox 284 5023 311 5057; x_wconf 85' lang='lat' dir='ltr'>m</span> <span class='ocrx_word' id='word_1_391' title='bbox 330 5024 365 5058; x_wconf 84' lang='lat' dir='ltr'>re.</span> 
     </span>
    </p>
   </div>
   <div class='ocr_carea' id='block_1_13' title="bbox 0 0 2364 5575">
    <p class='ocr_par' dir='ltr' id='par_1_19' title="bbox 0 0 2364 5575">
     <span class='ocr_line' id='line_1_43' title="bbox 0 0 2364 5575; baseline 0 1"><span class='ocrx_word' id='word_1_392' title='bbox 0 0 2364 5575; x_wconf 95' lang='lat' dir='ltr'> </span> 
     </span>
    </p>
   </div>
  </div>
 </body>
</html>
