4717 5575
1130 228 1347 290 ,η-

495 441 541 504 ib.
567 462 627 521 32:
651 461 755 524 quam
778 463 913 507 omnem
936 463 1074 526 semper
1097 441 1250 505 amicam
1274 440 1425 506 omnium
1447 440 1574 525 potius,
1600 461 1704 522 quam
1728 445 1929 526 cuiusquam
1952 448 2145 511 inimicam

336 557 557 631 putaverunt.

497 656 541 717 de
564 675 633 718 aer.
658 656 700 719 al.
723 654 813 719 Mil:
838 655 929 737 Quid
952 655 1083 737 pudeat
1105 655 1278 718 hominem
1307 673 1375 716 non
1402 654 1506 716 modo
1537 653 1611 717 sine
1641 656 1822 731 rubore,
1856 680 1975 725 verum
2007 661 2145 725 omnino

337 759 411 823 sine
435 763 532 824 ore?

496 867 581 930 Phil.
606 866 647 929 Π.
678 888 732 929 11:
757 869 816 950 qui
838 889 894 931 me
913 889 983 932 non
1002 868 1112 931 solum
1132 867 1218 930 meis
1238 866 1396 930 laudibus
1412 876 1584 939 ornaret,
1608 868 1671 930 sed
1687 867 1791 930 etiam
1808 883 2000 935 oneraret
2015 872 2144 936 alienis.

496 973 542 1036 ib.
566 973 625 1037 Ill.
652 993 710 1037 22:
742 993 802 1049 en,
835 995 895 1038 cur
917 975 1085 1058 magister
1108 973 1181 1038 eius
1205 971 1389 1054 (Antonii),
1421 992 1468 1035 ex
1492 982 1641 1036 oratore
1664 985 1789 1038 arator
1811 974 1942 1050 factus,
1966 979 2147 1059 possideat

338 1114 381 1125 -
406 1115 447 1125 -
471 1081 540 1142 duo
564 1080 667 1143 millia
690 1080 847 1162 iugerum
870 1083 1032 1147 immunia
1056 1085 1157 1165 (quae
1180 1079 1356 1144 Antonius
1379 1080 1510 1143 rhetori
1528 1079 1579 1159 illi
1601 1099 1666 1162 pro
1689 1083 1848 1146 mercede
1872 1083 2036 1162 dederat).

497 1187 543 1250 ib.
568 1186 665 1250 XIII.
692 1208 751 1267 24:
776 1207 853 1251 cum
876 1189 911 1252 in
934 1190 1077 1273 gremiis
1099 1190 1277 1252 mimarum
1301 1197 1469 1250 mentum
1492 1198 1735 1269 mentemque
1759 1190 1962 1271 deponeres.

496 1292 543 1355 ib.
570 1296 628 1357 26:
651 1294 757 1358 homo
781 1296 962 1379 diruptus
986 1298 1214 1378 dirutusque.

497 1399 543 1462 ib.
568 1399 650 1463 XV.
677 1422 736 1482 39:
761 1402 834 1465 eius
858 1403 923 1466 viri
946 1403 1112 1486 (Pompei)
1136 1402 1274 1467 nomine
1297 1420 1352 1464 me
1375 1400 1584 1465 insectari
1608 1403 1734 1476 audes,
1759 1403 1855 1466 cuius
1878 1413 1914 1466 te
1937 1414 2145 1466 sectorem

340 1526 418 1569 esse
441 1505 598 1571 fateare?
644 1508 831 1587 (Antonius
854 1511 948 1575 bona
970 1508 1114 1592 Pompei
1138 1510 1173 1572 in
1197 1508 1357 1571 auctione
1380 1511 1534 1588 emerat.)

914 1690 944 1770 3)
967 1686 1130 1752 Ridicula
1152 1687 1299 1751 nominis
1322 1686 1574 1770 interpretatio.

498 1849 532 1911 p.
557 1828 665 1893 Rosc.
688 1829 768 1893 Am.
800 1851 877 1911 124:
902 1829 1015 1894 Venio
1038 1850 1129 1894 nunc
1151 1832 1197 1893 ad
1219 1830 1300 1893 illud
1322 1850 1447 1893 nomen
1471 1849 1613 1893 aureum
1637 1827 1868 1912 Chrysogoni.

501 1933 716 2000 Creberrime
740 1935 859 2001 Verris
882 1956 1007 2001 nomen
1031 1938 1077 2000 ad
1099 1937 1278 2023 ridiculum
1301 1936 1489 2010 convertit,
1514 1938 1608 2019 quod
1630 1937 1735 2000 modo
1758 1937 1805 1999 ab
1828 1939 2020 1999 evertendo
2044 1937 2148 2012 ducit,

340 2042 445 2104 modo
469 2061 565 2105 suem
588 2042 643 2105 vel
667 2063 789 2126 aprum
813 2064 855 2108 eo
879 2043 1021 2126 intelligi
1044 2044 1127 2108 vult.
1173 2044 1254 2107 Huc
1275 2043 1428 2125 pertinet
1450 2043 1519 2106 div.
1544 2043 1579 2107 in
1596 2042 1697 2107 Caec.
1716 2063 1772 2124 573
1796 2052 1940 2125 repente
1963 2044 2148 2126 evestigio

341 2167 387 2210 ex
417 2149 573 2223 homine,
605 2159 770 2232 tanquam
801 2152 916 2232 aliquo
948 2149 1091 2214 Circaeo
1121 2151 1266 2234 poculo,
1298 2149 1411 2214 factus
1444 2160 1498 2214 est
1521 2149 1661 2214 Verres.
1692 2151 1728 2214 in
1751 2149 1850 2214 Verr.
1875 2148 1926 2212 IV
1928 2198 1936 2213 .
1960 2170 2000 2230 95
2034 2152 2148 2231 (quum

341 2253 501 2319 Herculis
523 2256 739 2321 simulacrum
763 2258 943 2322 demolitus
968 2262 1072 2342 esset)
1096 2258 1237 2341 ajebant
1260 2259 1295 2321 in
1318 2258 1455 2321 labores
1479 2256 1639 2321 Herculis
1670 2278 1740 2321 non
1770 2258 1881 2320 minus
1911 2258 2002 2320 hunc
2033 2258 2149 2320 imma·

340 2361 517 2424 nissimum
540 2383 685 2439 verrem,
710 2385 813 2445 quam
836 2365 927 2428 illum
951 2386 1071 2447 aprum
1096 2365 1358 2449 Erymanthium
1382 2363 1503 2428 referri
1526 2374 1701 2447 oportere.

501 2468 583 2533 ibid.
609 2491 668 2551 53:
692 2482 915 2536 accusatores
941 2510 978 2519 —
1008 2509 1045 2519 -
1072 2473 1130 2555 qui
1153 2473 1321 2555 ejusmodi
1343 2472 1519 2535 hominum
1542 2472 1635 2535 furta
1658 2472 1767 2534 odore
1795 2479 1856 2533 aut
1883 2470 1998 2551 aliquo
2028 2471 2151 2535 leviter

342 2593 465 2655 presso
489 2577 640 2660 vestigio
663 2580 972 2660 persequebantur.
1019 2579 1109 2644 Nam
1131 2599 1196 2643 nos
1220 2579 1303 2661 quid
1325 2577 1470 2641 facimus
1493 2579 1527 2641 in
1544 2577 1665 2652 Verre,
1690 2597 1792 2659 quem
1816 2577 1851 2640 in
1871 2578 1942 2641 luto
1958 2580 2150 2642 volutatum

343 2682 449 2746 totius
473 2684 629 2765 corporis
653 2685 811 2768 vestigiis
834 2686 1048 2749 invenimus?

502 2789 528 2853 I.
558 2812 635 2855 121:
667 2792 724 2856 alii
754 2795 949 2877 negabant,
981 2793 1173 2857 mirandum
1204 2812 1281 2856 esse
1310 2793 1362 2855 ius
1393 2802 1465 2855 tam
1495 2810 1644 2873 nequam
1675 2809 1753 2854 esse
1784 2791 1957 2854 verrinum
1988 2791 2051 2870 (ius
2075 2812 2151 2855 ver·

343 2895 454 2959 tinum
477 2927 519 2951 =
543 2910 603 2963 aut
626 2899 769 2982 injuriae
793 2921 814 2962 a
829 2899 939 2964 Verre
962 2899 1078 2965 factae
1100 2910 1161 2963 aut
1185 2900 1356 2982 liquamen
1378 2898 1522 2979 suillum)
1548 2898 1657 2981 [quod
1679 2896 1779 2979 Aper
1802 2897 1836 2960 in
1860 2898 1937 2960 dial.
1962 2899 2007 2961 de
2030 2919 2079 2962 or.
2099 2920 2114 2961 2
2120 2921 2150 2978 3.

343 3004 486 3087 irridet],
510 3005 567 3068 alii
586 3044 623 3053 -
641 3008 859 3071 sacerdotem
883 3009 1157 3070 exsecrabantur
1179 3007 1238 3090 qui
1260 3026 1396 3070 verrem
1419 3016 1491 3070 tam
1514 3024 1663 3085 nequam
1686 3005 1892 3087 reliquisset.
1936 3004 1984 3085 (C.
2001 3004 2151 3068 Licinius

345 3109 518 3175 Sacerdos
541 3122 623 3176 ante
648 3112 791 3176 Verrem
815 3133 879 3196 pro
903 3125 1066 3196 praetore
1089 3114 1123 3177 in
1146 3112 1263 3179 Sicilia
1285 3112 1371 3195 fuit.)

504 3218 584 3281 Huc
607 3220 710 3282 etiam
734 3219 951 3284 referendum
974 3222 1068 3303 quod
1091 3222 1136 3284 de
1152 3219 1190 3285 C.
1207 3219 1360 3284 Verrutii
1382 3219 1529 3293 nomine,
1553 3217 1685 3281 fraudis
1709 3237 1815 3281 causa
1838 3239 1859 3281 a
1875 3217 1985 3282 Verre
2002 3219 2151 3283 conficto

345 3334 381 3386 et
410 3324 445 3387 in
476 3325 648 3389 sociorum
678 3328 805 3391 tabulis
836 3328 972 3411 accepti
1004 3338 1040 3392 et
1069 3329 1216 3411 expensi
1247 3349 1312 3411 pro
1343 3326 1464 3392 Verris
1494 3326 1649 3400 nomine,
1682 3326 1800 3408 primis
1838 3326 1960 3388 litteris
1996 3326 2151 3409 integris,

345 3430 511 3506 interlito,
535 3432 619 3496 dicit
641 3433 683 3496 Π.
714 3456 788 3515 191:
813 3435 938 3499 videtis
962 3446 1155 3499 extremam
1178 3444 1315 3517 partem
1336 3432 1502 3507 nominiS,
1536 3435 1682 3496 caudam
1705 3432 1795 3494 illam
1819 3430 1957 3506 Verris,
1986 3441 2152 3514 tanquam

346 3535 381 3599 in
404 3536 486 3613 lut0,
511 3539 704 3604 demersam
728 3561 805 3605 esse
828 3541 863 3605 in
886 3540 1006 3605 litura?

505 3643 565 3709 Ad
588 3646 840 3712 similitudinem
874 3659 990 3711 autem
1019 3649 1167 3712 nominis
1196 3659 1232 3711 et
1254 3650 1352 3712 verbi
1375 3648 1536 3712 vertendi
1559 3649 1646 3711 haec
1670 3657 1848 3729 spectant:
1873 3647 1915 3710 II.
1942 3668 1993 3726 5²·
2040 3647 2152 3728 Quam

347 3760 384 3813 tu
408 3751 563 3826 domum,
588 3774 692 3836 quam
714 3756 835 3817 urbem
858 3755 979 3829 adisti,
1004 3755 1097 3838 quod
1121 3755 1239 3818 fanum
1262 3756 1428 3838 denique,
1454 3755 1548 3838 quod
1571 3775 1641 3818 non
1664 3775 1823 3817 eversum
1847 3765 1952 3836 atque
1976 3764 2151 3817 extersum

345 3856 545 3939 reliqueris?
591 3858 706 3941 Quare
729 3861 946 3942 appellentur
969 3881 1053 3924 sane
1076 3862 1144 3925 ista
1167 3861 1307 3939 Verria,
1339 3882 1430 3943 quae
1459 3884 1530 3926 non
1561 3882 1608 3926 ex
1636 3862 1792 3927 nomine.
1824 3862 1886 3925 sed
1918 3881 1963 3924 ex
1994 3860 2152 3924 manibus

346 3975 539 4046 naturaque
562 3976 622 4029 tua
645 3968 834 4031 constituta
857 3988 934 4031 esse
957 3968 1150 4033 videantur.

506 4072 549 4135 Π.
579 4075 633 4137 18:
658 4094 705 4138 ex
727 4076 865 4139 nomine
888 4075 997 4151 istius,
1021 4077 1104 4158 quid
1127 4077 1194 4139 iste
1216 4076 1251 4140 in
1274 4076 1454 4159 provincia
1473 4075 1627 4139 facturus
1644 4087 1748 4151 esset,
1772 4075 1977 4159 perridicule
1996 4074 2152 4138 homines

348 4181 618 4260 augurabantur.
642 4217 683 4226 —
713 4202 768 4262 19:
805 4180 883 4264 Quo
918 4183 973 4245 die
1008 4181 1158 4247 Siciliam
1192 4182 1310 4265 tetigit
1344 4181 1489 4261 (videte,
1525 4183 1655 4247 satisne
1689 4194 1833 4265 paratus
1868 4202 1914 4244 ex
1948 4180 2004 4243 illo
2039 4179 2152 4242 omine

347 4287 481 4349 urbano
505 4288 551 4350 ad
574 4289 798 4352 everrendam
821 4288 1035 4372 provinciam
1059 4289 1205 4371 venerit)
1229 4298 1294 4351 etc.

507 4392 568 4458 IV.
594 4416 652 4474 53:
676 4394 779 4476 Quod
801 4415 963 4478 unquam,
985 4396 1128 4477 judices,
1152 4395 1388 4458 huiuscemodi
1413 4396 1636 4460 everriculum
1658 4395 1726 4458 ulla
1748 4395 1783 4458 in
1806 4392 1985 4477 provincia
2007 4390 2094 4455 fuit?

507 4500 568 4564 IV.
594 4520 652 4582 57:
677 4502 724 4565 Ut
746 4503 803 4565 hic
825 4523 951 4567 nomen
976 4523 1074 4566 suum
1098 4503 1353 4585 comprobavit,
1386 4503 1435 4566 sic
1458 4503 1513 4566 ille
1537 4521 1731 4585 cognomen
1755 4502 1847 4581 (Piso
1870 4501 1995 4583 Frugi:
2027 4519 2097 4581 quo
2120 4498 2154 4561 in

349 4605 513 4671 Pisonum
536 4610 742 4692 cognomine
765 4610 851 4674 ludit
874 4611 979 4675 etiam
997 4632 1031 4695 p.
1048 4610 1139 4676 Sest.
1162 4631 1216 4672 12:
1240 4621 1317 4673 erat
1340 4630 1383 4673 eo
1406 4612 1554 4686 nomine,
1578 4620 1616 4674 ut
1639 4611 1843 4691 ingenerata
1866 4607 2016 4672 familiae
2038 4607 2154 4689 fruga-

348 4713 426 4777 litas
449 4715 646 4797 videretur).

509 4822 623 4886 Etiam
647 4822 842 4890 Chelidonis
866 4824 998 4889 amicae
1020 4825 1158 4888 nomine
1173 4823 1320 4887 Verrem
1342 4823 1452 4888 illudit
1473 4824 1499 4886 I.
1530 4844 1588 4900 104
1615 4822 1694 4903 „qui
1717 4822 1898 4904 auspicato
1922 4841 1943 4882 a
1967 4819 2156 4882 Chelidone

350 4931 576 5004 surrexisset,
608 4942 738 4996 sortem
768 4944 890 4998 nactus
922 4943 977 4997 est
1006 4935 1159 4996 urbanae
1187 4931 1387 5014 provinciae
1419 4929 1533 5011 („quia
1563 4928 1721 4992 chelidon
1751 4930 1773 4992 i.
1805 4947 1834 4990 e.
1865 4926 2011 4989 hirundo
2035 4928 2155 4988 urbem
