4717 5575
946 780 1049 875 Sales
1081 785 1304 878 orationibus
1336 787 1486 902 aspersi.

474 1014 662 1077 Videamus
692 1014 797 1095 igitur
828 1014 1116 1093 quemadmodum
1148 1014 1224 1096 ipse
1254 1014 1309 1077 illa
1339 1026 1530 1098 praecepta
1560 1019 1594 1081 in
1624 1020 1837 1082 orationibus
1872 1040 1961 1102 quae
1997 1032 2121 1084 extant

314 1131 452 1184 secutus
476 1121 530 1183 sit.
577 1120 681 1195 Nam,
706 1141 783 1183 cum
806 1120 912 1184 libros
936 1122 980 1183 de
1004 1131 1144 1183 oratore
1167 1141 1198 1185 a.
1224 1127 1287 1202 699
1312 1143 1343 1186 a.
1369 1123 1409 1186 U.
1433 1125 1612 1200 scriberet,
1637 1145 1688 1199 ea,
1713 1146 1804 1207 quae
1825 1126 1880 1188 his
1903 1127 1997 1189 libris
2020 1147 2120 1210 prae·

313 1228 482 1311 cipiebat,
514 1229 550 1290 in
573 1228 719 1291 dicendo
743 1237 779 1290 et
801 1227 928 1307 jamdiu
954 1236 1167 1291 tractaverat
1191 1238 1227 1292 et
1249 1241 1322 1292 tum
1345 1230 1458 1312 ipsum
1481 1232 1622 1294 multum
1645 1234 1831 1296 tractabat.
1878 1231 2011 1314 Quodsi
2033 1234 2120 1297 haec

313 1353 402 1416 quae
432 1334 467 1396 in
499 1335 713 1398 orationibus
745 1343 869 1397 extant
900 1335 946 1397 ad
977 1354 1019 1397 ea
1050 1355 1140 1416 quae
1171 1336 1364 1398 invenimus
1395 1347 1586 1420 praecepta
1616 1349 1652 1401 et
1683 1339 1875 1402 doctrinam
1906 1360 1974 1403 non
2007 1340 2120 1403 omnia

313 1440 432 1504 referri
456 1451 620 1524 possunt,
653 1442 798 1523 primum
830 1442 988 1505 omnibus
1017 1441 1168 1506 numeris
1191 1443 1386 1505 absolutam
1410 1453 1445 1505 et
1469 1445 1570 1524 plane
1594 1446 1803 1527 descriptam
1826 1457 1936 1509 artem
1959 1467 2028 1510 non
2052 1458 2121 1509 tra·

313 1549 414 1622 didit,
445 1550 569 1613 deinde
598 1551 674 1633 ipse
698 1560 822 1613 natura
845 1570 908 1613 sua
931 1550 987 1612 vel
1010 1551 1099 1613 ultra
1122 1569 1199 1621 eos,
1225 1550 1349 1630 quibus
1374 1560 1505 1612 rectum
1528 1571 1627 1614 usum
1651 1553 1932 1635 circumscripsit,
1957 1551 2043 1616 fines
2067 1567 2120 1616 est

312 1666 518 1738 provectus,
550 1665 623 1719 tum
654 1655 824 1737 quaedam
856 1657 901 1719 ab
926 1675 968 1718 eo
991 1656 1132 1718 ridicule
1155 1668 1192 1717 et
1214 1656 1332 1719 iocose
1356 1656 1449 1719 dicta
1472 1667 1569 1728 sunt,
1599 1677 1744 1738 quorum
1767 1659 2006 1740 interpretatio
2030 1679 2121 1723 nunc

312 1771 373 1825 aut
395 1762 528 1825 incerta
550 1763 596 1825 sit
618 1770 679 1824 aut
701 1761 809 1835 nulla;
834 1762 982 1843 denique
1003 1762 1118 1825 multis
1142 1762 1225 1825 locis
1249 1762 1437 1845 compluria
1460 1763 1591 1826 ridiculi
1614 1784 1745 1846 genera
1769 1765 1867 1827 simul
1890 1767 2016 1831 insunt.
2046 1753 2048 1758 ’

1189 1943 1236 2014 Α.

473 2083 526 2146 Ac
550 2085 697 2167 primum
720 2094 943 2167 perpetua
966 2083 1022 2146 illa
1045 2083 1087 2146 in
1111 2084 1335 2146 narrando
1359 2082 1599 2146 festivitas
1627 2084 1700 2146 sive
1724 2083 1872 2148 facetiae
1895 2087 2120 2168 aequabiliter

311 2191 346 2254 in
373 2192 465 2254 omni
489 2192 646 2254 oratione
669 2203 728 2255 aut
751 2192 786 2254 in
809 2191 940 2254 maiore
963 2190 1130 2253 orationis
1154 2200 1255 2272 parte
1278 2190 1377 2253 lusae
1405 2200 1592 2274 apparent:

472 2321 505 2383 p.
531 2299 637 2363 Rosc.
662 2299 741 2363 Am.
773 2302 823 2377 56.
856 2320 894 2380 57
926 2318 1002 2361 cum
1030 2307 1252 2361 accusatores
1284 2316 1360 2359 cum
1391 2296 1535 2360 canibus
1566 2307 1601 2359 et
1631 2298 1812 2361 anseribus
1844 2312 2040 2381 comparat,
2079 2323 2118 2382 59

312 2423 388 2466 cum
420 2405 535 2468 Erucii
566 2405 600 2467 in
630 2406 827 2468 accusando
858 2406 1106 2488 negligentiam
1137 2405 1319 2478 describit,
1352 2405 1410 2486 qui
1435 2408 1487 2467 82.
1523 2425 1569 2466 ex
1600 2405 1711 2468 aliena
1741 2406 1897 2469 oratione
1928 2407 2120 2470 declamare

311 2510 498 2584 videretur,
522 2531 626 2593 quam
650 2511 684 2574 in
707 2511 809 2574 alium
833 2532 928 2575 reum
952 2523 1260 2584 commentaretur;

472 2638 548 2681 cum
572 2640 606 2702 p.
631 2618 737 2682 Rosc.
763 2617 857 2682 Corn.
885 2639 935 2681 20.
960 2618 1083 2681 Fannii
1108 2615 1285 2681 Chaereae
1308 2616 1432 2679 faciem
1456 2617 1638 2689 describit,
1672 2618 1730 2698 qui
1760 2618 1888 2682 idcirco
1920 2621 2056 2703 ,capite
2085 2633 2120 2685 et

312 2726 501 2808 superciliis
524 2746 662 2810 semper
686 2736 739 2789 est
764 2726 861 2797 rasis,
889 2744 934 2789 ne
957 2725 1060 2789 ullum
1083 2725 1188 2807 pilum
1212 2724 1276 2786 viri
1301 2723 1381 2786 boni
1405 2724 1537 2785 habere
1560 2724 1714 2785 dicatur“
1733 2734 1769 2787 et
1791 2745 1904 2789 mores
1929 2747 2005 2790 curn
2029 2729 2120 2790 leno·

311 2833 364 2895 nis
395 2833 544 2897 Plautini
575 2852 725 2915 persona
755 2832 907 2907 confert,
940 2853 1043 2915 quem
1067 2832 1218 2895 Roscius
1250 2832 1427 2914 praeclare
1458 2831 1491 2892 in
1523 2850 1627 2894 scena
1651 2842 1795 2905 tractet,
1828 2842 1864 2895 et
1887 2854 1928 2913 49
1954 2833 2119 2907 Cluvium,

311 2939 421 3002 virum
444 2941 701 3022 gravissimum,
726 2942 771 3003 ad
795 2940 1027 3003 mentiendum
1051 2950 1157 3021 atque
1180 2938 1404 3020 peierandum
1428 2936 1599 3021 colloquio
1623 2939 1807 3003 admodum
1830 2940 1972 3003 ridiculo
1996 2960 2018 3001 a
2040 2960 2120 3022 pro·

311 3045 453 3110 bissimo
477 3048 552 3110 viro
576 3046 708 3111 Roscio
732 3047 864 3110 moveri
886 3045 1004 3129 fingit;

471 3174 548 3218 cum
572 3154 606 3217 in
629 3154 697 3218 diu.
723 3155 757 3218 ln
782 3152 823 3235 Q.
849 3154 950 3218 Caec.
975 3173 1026 3232 45.
1062 3151 1103 3234 Q.
1127 3152 1308 3216 Hortensii
1338 3152 1373 3215 in
1405 3153 1588 3234 partiendo
1620 3162 1730 3216 artem
1763 3163 1798 3216 et
1831 3153 2055 3232 „divisionem
2085 3155 2120 3218 in

312 3261 442 3343 digitos
473 3260 668 3323 diductam“
702 3259 829 3341 (Quint.
860 3258 920 3323 IV.
955 3279 984 3338 5.
1019 3263 1070 3339 ²4)
1100 3264 1148 3337 (ut
1172 3258 1271 3321 Verr.
1304 3258 1362 3320 III.
1396 3280 1447 3337 49.
1481 3259 1634 3321 eiusdem
1662 3257 1886 3340 jactationem
1918 3262 2119 3340 cerviculae)

312 3368 433 3431 leviter
463 3367 702 3449 perstringens
733 3367 946 3431 accusationi
970 3364 1124 3438 Caecilii,
1157 3385 1203 3427 ex
1235 3365 1412 3428 veteribus
1440 3365 1654 3428 orationibus
1678 3377 1714 3428 et
1744 3367 1901 3448 magistri
1932 3366 2001 3429 ludi
2033 3368 2119 3429 libro

312 3475 536 3559 compositae,
560 3475 710 3538 minatur
732 3475 897 3557 perniciei
920 3473 1011 3547 fore;

472 3601 549 3644 cum
572 3580 671 3646 Verr.
696 3581 755 3644 III.
783 3586 834 3661 76.
858 3580 1003 3644 Verrem
1027 3581 1190 3643 decumas
1213 3579 1418 3643 mulierculis
1446 3599 1558 3660 aeque
1586 3599 1627 3641 ac
1656 3579 1840 3643 Persarum
1869 3601 1973 3663 reges
2003 3582 2120 3645 uxori-

298 3690 377 3752 bus
401 3687 561 3752 civitates
584 3689 785 3752 attribuisse
807 3698 936 3752 narrat.

471 3795 619 3858 Verrina
642 3794 693 3858 IV
715 3815 799 3859 vero
830 3804 906 3859 tota
936 3794 1010 3858 lere
1041 3804 1179 3858 constat
1203 3794 1382 3876 perpetuis
1405 3792 1555 3869 facetiis,
1585 3794 1711 3877 quibus
1735 3796 1904 3859 dictorum
1927 3799 2017 3858 sales
2040 3805 2120 3859 sunt

312 3902 445 3984 aspersi
469 3900 511 3964 cf.
537 3902 690 3985 inprimis
714 3922 803 3985 quae
826 3913 945 3965 narrat
969 3903 1013 3964 de
1037 3900 1245 3984 Cibyraticis
1270 3902 1431 3975 canibus,
1463 3902 1522 3984 qui
1546 3922 1623 3965 cum
1646 3903 1755 3983 majus
1779 3904 1864 3966 artis
1888 3923 1977 3985 opus
2000 3902 2120 3965 venari

312 4029 380 4072 non
404 4018 585 4092 poterant,
617 4011 750 4073 minora
781 4031 845 4092 pro
876 4009 1059 4093 lepusculis
1083 4008 1270 4090 capiebant
1293 4010 1376 4089 (47),
1409 4019 1469 4071 aut
1496 4009 1540 4071 de
1564 4028 1667 4081 cena,
1692 4008 1726 4070 in
1752 4028 1820 4089 qua
1844 4008 2119 4089 elegantissimus

312 4126 418 4198 atque
441 4116 691 4180 eruditissimus
714 4118 819 4180 homo
844 4117 943 4198 quasi
962 4117 1126 4180 festivum
1142 4135 1312 4190 acroama,
1338 4135 1381 4178 ne
1398 4116 1472 4178 sine
1488 4116 1667 4178 corollario
1684 4116 1889 4188 discederet,
1914 4115 2119 4178 emblemata

312 4224 491 4287 evellenda
513 4224 646 4286 curavit
669 4226 745 4305 (49).

470 4330 511 4393 In
533 4329 633 4393 Verr.
657 4328 692 4392 V
722 4330 830 4393 vitam
862 4329 934 4412 ejus
967 4330 1179 4393 luxuriosam
1211 4339 1246 4392 et
1277 4328 1421 4391 inertem
1448 4329 1614 4392 describit
1645 4340 1680 4392 et
1711 4329 1794 4391 boni
1824 4328 2042 4413 imperatoris
2073 4347 2120 4390 ex

312 4439 488 4503 mulierum
511 4458 627 4501 morsu
651 4438 829 4511 cicatrices
854 4458 930 4500 cum
947 4437 1076 4519 Aquilii
1100 4437 1308 4509 vulneribus,
1333 4455 1461 4498 novum
1484 4446 1675 4499 monstrum
1698 4456 1776 4499 curn
1799 4446 1918 4499 vetere
1941 4436 1976 4497 in
1999 4434 2119 4498 iisdem

313 4545 396 4609 locis
419 4544 566 4629 Scyllae,
592 4545 798 4628 Charybdis,
823 4543 1012 4627 Cyclopum
1037 4545 1249 4607 immanitate
1273 4552 1463 4626 comparat.

471 4651 510 4714 P.
536 4651 636 4716 Caec.
661 4673 714 4731 41.
740 4651 923 4727 Aebutius
950 4670 987 4729 27
1014 4660 1124 4713 testes
1146 4650 1185 4712 P.
1203 4649 1423 4723 Caesennius,
1448 4660 1571 4712 auctor
1594 4649 1699 4724 fundi,
1724 4661 1887 4713 nontam
1911 4649 2120 4713 auctoritate

311 4759 423 4841 gravi,
448 4778 551 4839 quam
574 4780 731 4843 corpore,
755 4770 791 4822 et
814 4757 850 4823 S.
876 4757 1013 4821 Clodius
1037 4756 1201 4819 Phormio
1228 4777 1311 4835 „nec
1334 4758 1445 4819 minus
1470 4757 1569 4838 niger
1594 4776 1658 4820 nec
1682 4758 1792 4819 minus
1817 4756 1993 4820 confidens
2016 4775 2119 4837 quam

311 4867 366 4929 ille
396 4864 624 4930 Terentianus
655 4877 710 4930 est
739 4867 921 4930 Phormio“
962 4865 1083 4947 paucis
1121 4864 1239 4927 verbis
1270 4863 1324 4939 (cf.
1357 4862 1496 4943 Quintil.
1529 4862 1589 4928 VI.
1623 4885 1652 4942 3.
1686 4867 1756 4943 56),
1792 4866 1940 4945 denique
1971 4861 2118 4935 Falcula,

313 4971 492 5056 exemplar
514 4972 678 5054 antiquae
701 4974 895 5057 religionis,
926 4973 1026 5054 isque
1055 4971 1153 5033 brevi
1182 4970 1379 5033 narratione
1408 4969 1658 5052 depinguntur,
1692 4992 1733 5050 54
1766 4990 1900 5043 eorum,
1934 4970 1992 5052 qui
2024 4971 2119 5052 leges
