4717 5575
2271 274 2705 335 „14-

680 487 1117 571 appellativis
1169 498 1659 571 permutentur,
1710 491 1897 569 quod
1944 489 2078 552 iam
2128 507 2336 571 supra
2383 488 2470 549 de
2518 486 2756 549 Verris
2804 490 3063 567 (verres
3099 517 3179 539 =-=
3217 490 3353 566 sus)
3401 489 3676 550 nomine
3739 487 4287 551 commemoravi.

684 599 873 675 [gnae
925 599 1497 675 permutationeS,
1549 614 1945 675 quanquam
1992 594 2197 656 etiarn
2241 594 2308 656 in
2355 592 2684 674 ambigue
2715 594 2915 655 dictis
2949 612 3309 655 numerare
3343 594 3547 666 licuit,
3596 594 3914 657 hocloco
3948 595 4289 678 congessi.

1005 743 1065 799 p.
1137 719 1395 783 Cluent.
1466 738 1567 799 71.
1646 717 1991 800 (Stajenus
2054 718 2314 780 iudices
2377 736 2816 798 corrumpere
2878 727 3203 790 conatur,
3268 718 3531 781 initium
3595 717 3857 783 faciens
3919 740 3962 781 a
4023 720 4292 800 Bulbo.)

688 827 1045 891 ..eonditor
1101 827 1313 887 totine
1377 825 1640 907 negotii
1704 821 1991 888 Guttam
2055 826 2369 906 (guttam)
2428 823 2790 906 adspergit
2852 823 3008 886 huic
3071 824 3294 886 Bulbo
3358 824 3633 904 (bulbo).
3727 826 3972 907 Itaque
4016 827 4293 890 minime

684 955 957 995 anmrue
1021 935 1101 995 iio
1169 935 1353 995 viane
1417 942 1558 1005 est,
1623 932 1741 1011 qui
1803 930 2059 1011 aliquid
2122 948 2214 992 ex
2279 931 2424 993 eius
2473 950 2789 993 sermone
2836 931 3159 1012 speculae
3206 932 3721 1014 degustarant“.
3817 932 4176 998 Drumann
4223 945 4293 996 et

688 1043 893 1103 lilotr.
941 1043 1145 1103 etiam
1197 1039 1513 1100 eonditor
1560 1048 1630 1099 et
1675 1038 1889 1100 Klotz
1941 1055 2107 1118 „spe
2152 1037 2397 1119 gulae⁴‘
2450 1036 2670 1100 audiri
2717 1038 3029 1119 potuisse
3092 1038 3479 1114 existimat,
3544 1040 3731 1121 quod
3790 1040 3951 1101 mihi
4014 1041 4292 1102 nimium

688 1147 973 1207 viderur.
1085 1147 1237 1223 Quo
1305 1143 1565 1207 facilius
1631 1146 1998 1206 verborum
2062 1144 2483 1227 ambiguitas
2545 1143 3000 1226 intelligatur,
3066 1144 3448 1208 Drumanni
3513 1143 3621 1225 (G.
3684 1146 3776 1208 R.
3826 1144 3944 1207 VI.
4007 1165 4075 1226 p.
4140 1149 4291 1224 603)

680 1255 1321 1335 interpretationem
1373 1251 1702 1333 adiungo:
1754 1248 2098 1333 Stajenus,
2149 1251 2260 1314 ein
2293 1250 2587 1314 Richter
2634 1251 2724 1313 im
2759 1251 3099 1315 Processe
3131 1253 3255 1314 des
3288 1249 3733 1334 OppianicuS,
3783 1251 3981 1315 sollte
4013 1251 4292 1313 Andere

684 1363 1093 1428 heereohen:
1165 1359 1289 1419 wie
1355 1379 1427 1420 er
1487 1358 1725 1420 immer
1783 1358 1907 1420 das
1955 1358 2196 1421 Letzte
2243 1368 2473 1421 zuerst
2520 1360 2708 1431 that,
2773 1360 3048 1422 machte
3095 1378 3169 1421 er
3217 1360 3349 1421 den
3394 1357 3684 1441 Anfang
3730 1360 3853 1421 mit
3900 1357 4162 1421 Bulbus
4209 1391 4290 1402 —-

684 1467 805 1527 mir
857 1471 977 1527 der
1025 1467 1337 1539 Zwiebeh
1389 1466 1499 1527 die
1546 1485 1655 1526 am
1688 1464 1940 1527 Tische
1988 1466 2227 1547 spater
2274 1463 2455 1547 folgt
2509 1501 2580 1509 —
2634 1466 2773 1527 und
2823 1485 2915 1539 er,
2967 1485 3104 1528 von
3154 1466 3402 1528 dessen
3436 1465 3644 1529 Hand
3679 1466 3870 1529 Alles
3918 1463 4298 1528 zubereitet

684 1575 937 1643 nrurde,
989 1611 1069 1619 -Ρ
1121 1575 1436 1635 eonditor
1486 1608 1565 1615 ——-
1616 1570 2061 1635 befeuchtete
2109 1571 2372 1634 Bulbus
2418 1570 2542 1633 mit
2591 1568 2811 1634 Gutta
2857 1608 2943 1617 —
2991 1571 3213 1634 einem
3257 1571 3568 1653 Tropfen
3619 1608 3692 1618 -
3747 1571 4084 1644 dadurch,
4133 1571 4297 1632 dass

684 1699 757 1741 er
805 1683 981 1743 aueh
1029 1679 1289 1743 diesem
1341 1679 1515 1743 Geld
1561 1678 1959 1761 versprach.

1005 1827 1069 1887 p.
1121 1803 1301 1867 Seet.
1369 1824 1502 1883 ¹35·
1575 1803 1917 1883 (Vatinius
1965 1803 2409 1866 simulaverat
2455 1821 2531 1864 se
2579 1800 2950 1865 bestiarios
2999 1802 3231 1884 potius
3278 1802 3538 1865 habere
3585 1821 3792 1883 quam
3838 1802 4296 1884 gladiatores;

684 1931 893 1975 unum
953 1911 1408 1995 gladiatorem
1471 1910 1968 1984 confitebatur,
2034 1911 2143 1973 cui
2197 1929 2450 1973 nomen
2498 1908 2714 1972 Leoni
2761 1907 2931 1988 fuit.)
3027 1909 3391 1971 Praeclara
3437 1908 3786 1972 aedilitas!
3882 1908 4077 1972 Unus
4125 1907 4298 1971 Leo

684 2023 857 2099 fleo),
913 2019 1185 2083 ducenti
1233 2017 1563 2080 bestiarii.

1005 2147 1069 2207 in
1121 2143 1253 2207 Pie.
1305 2151 1409 2223 oy.
1458 2143 1576 2206 ubi
1622 2142 1846 2226 galli
1893 2152 2170 2205 cantum
2217 2140 2521 2214 audivit,
2579 2161 2783 2203 avum
2834 2161 3031 2202 suum
3080 2139 3421 2205 revixisse
3468 2150 3688 2223 putat.
3785 2139 4079 2221 (Pisonis
4128 2159 4300 2201 avus

688 2255 869 2315 enim
917 2251 1153 2311 Gallne
1205 2251 1431 2312 fuerat
1477 2260 1547 2313 et
1595 2268 1850 2332 praeco
1899 2247 2316 2327 Mediolani.)

1005 2395 1073 2455 p.
1125 2375 1353 2435 Plano.
1405 2376 1507 2452 85.
1557 2371 2078 2436 admonefecisti
2127 2374 2354 2446 etiam,
2406 2374 2595 2453 quod
2640 2372 2723 2435 in
2762 2371 3029 2436 Creta
3076 2374 3166 2452 (in
3214 2381 3406 2435 creta
3438 2403 3519 2426 =
3555 2372 3988 2450 candidatus)
4029 2370 4299 2443 fuisses,

688 2483 945 2543 dietum
993 2483 1269 2559 aliquod
1329 2518 1398 2527 -—
1452 2480 1585 2542 dici
1632 2479 1965 2561 potuisse,
2015 2500 2124 2542 me
2169 2482 2238 2543 id
2285 2480 2693 2562 perdidisse.

1009 2627 1073 2687 p.
1141 2603 1373 2667 Seanr.
1442 2607 1500 2667 6.
1565 2612 1843 2666 constat
1903 2604 2081 2666 illam
2145 2604 2372 2687 (quam
2435 2602 2738 2668 Scaurus
2801 2624 3073 2667 amasse
3134 2606 3581 2686 arguebatur)
3645 2623 3800 2666 cum
3859 2601 4303 2667 deformitate

688 2731 953 2776 summa
1017 2711 1261 2784 fuieae,
1329 2723 1469 2776 ram
1531 2720 1909 2775 senectute.
2004 2709 2236 2793 Quare
2281 2731 2463 2794 quae
2509 2723 2783 2794 potest,
2833 2710 3150 2794 quamvis
3197 2709 3380 2773 salsa
3425 2709 3562 2773 ista
3609 2709 3832 2774 Sarda
3879 2710 4121 2782 fuerit,
4170 2708 4304 2771 ulla

692 2820 985 2880 lihidinie
1049 2832 1169 2880 aut
1233 2819 1482 2881 amoris
1544 2838 1700 2882 esse
1760 2818 2106 2901 suspicio?
2200 2817 2448 2900 (Sarda
2509 2829 2618 2883 est
2679 2829 2750 2882 et
2795 2819 3093 2882 mulieris
3142 2838 3182 2881 e
3228 2816 3549 2881 Sardinia
3595 2819 3927 2882 oriundae
3975 2827 4046 2881 et
4092 2816 4305 2900 piscis

688 2928 1185 2988 salsamentarii
1237 2928 1529 3007 nemen.)

1009 3052 1177 3112 Phil.
1225 3052 1309 3112 II.
1361 3056 1464 3113 ¹52.
1513 3050 1827 3122 accessit,
1876 3059 1952 3113 ut
2001 3098 2014 3114 .
2067 3098 2082 3112 .
2135 3100 2147 3114 .
2198 3052 2533 3134 magister
2579 3053 2886 3135 equiturn
2935 3051 3490 3116 constitueretur.
3562 3062 3708 3115 tum
3755 3049 4182 3114 existimavit
4228 3069 4305 3112 se

692 3180 817 3220 eno
865 3160 1010 3220 iure
1061 3180 1209 3220 eum
1261 3156 1596 3240 Hippia
1644 3152 2023 3241 (ἵππαρχος)
2073 3159 2329 3222 vivere.

1013 3264 1169 3328 XII.
1229 3284 1325 3324 eo.
1393 3283 1599 3344 quum
1655 3264 1926 3344 aquilae
1972 3265 2172 3346 primi
2220 3265 2338 3347 pili
2386 3285 2701 3329 nummos
2749 3285 2998 3328 aureos
3058 3267 3291 3338 daret,
3356 3266 3443 3327 de
3503 3265 3674 3327 meis
3737 3264 3940 3328 bonis
4002 3285 4078 3328 se
4139 3264 4306 3326 dare

692 3372 901 3444 diatim
969 3372 1021 3432 ei
1073 3372 1249 3432 enim
1301 3376 1385 3432 de
1433 3371 1575 3434 suis
1624 3371 1952 3446 dixisset,
2016 3392 2104 3435 ne
2150 3372 2445 3456 aquilam
2495 3373 2770 3456 quidem
2816 3373 3040 3455 ipsam
3089 3373 3502 3435 credituram
3551 3373 3844 3454 putavit.
3941 3368 4306 3452 (Graevius

692 3476 965 3556 quidem
1033 3476 1432 3541 Ciceronem
1491 3478 1725 3541 ludere
1784 3487 1987 3559 putat
2048 3479 2116 3541 in
2177 3480 2506 3562 ambigua
2568 3500 2743 3543 voce
2803 3480 3137 3562 Aquilae,
3200 3499 3380 3560 quae
3441 3489 3512 3542 et
3575 3478 3994 3542 centurionis
4056 3496 4308 3541 nomen

692 3596 877 3648 eeeet
929 3596 997 3648 et
1045 3588 1225 3668 signi
1273 3585 1605 3668 legionis)

1013 3692 1205 3756 xm.
1269 3716 1361 3756 11.
1431 3694 1519 3755 de
1566 3691 1860 3756 Falerno
1907 3692 2246 3757 Anseres
2308 3695 2738 3776 depellentur
2794 3693 3049 3774 (Anser
3108 3695 3199 3755 ab
3246 3691 3560 3755 Antonio
3607 3692 3894 3774 Pompei
3944 3690 4306 3755 Falernum

696 3812 1101 3884 aee-eperat:
1149 3819 1431 3861 anseres
1477 3809 1707 3863 autern
1755 3800 2062 3883 inprimis
2111 3802 2362 3864 edaces
2412 3804 2613 3881 sunt).

1013 3908 1205 3968 XIII.
1261 3928 1361 3984 2?-
1427 3906 1637 3985 (Inter
1697 3908 1927 3971 socios
1988 3918 2374 3971 castrorum
2423 3907 2733 3989 Antonii)
2789 3917 2898 3970 est
2946 3907 3152 3970 etiam
3201 3906 3460 3969 Decius
3525 3908 3614 3969 ab
3677 3905 3836 3977 illis,
3903 3914 3978 3966 ut
4040 3904 4307 3987 opinor,

700 4012 1101 4076 Muribus.
1197 4012 1441 4096 Itaque
1490 4010 1808 4076 Caesaris
1855 4034 2140 4078 munera
2185 4015 2379 4077 rosit.

1893 4197 1954 4270 4)
2003 4190 2267 4254 Versus
2313 4189 2544 4254 facete
2588 4191 3117 4272 interponuntur

696 4336 973 4416 saepius·
1025 4336 1089 4396 in
1141 4332 1345 4392 rebus
1393 4330 1608 4404 seriiS‚
1659 4350 1865 4412 quam
1911 4331 2088 4393 risus
2135 4332 2460 4395 movendi
2511 4352 2741 4395 causa.
2833 4333 2910 4396 In
2956 4332 3090 4395 hoc
3136 4352 3396 4414 genere
3443 4352 3764 4397 numero:

1021 4464 1081 4524 p.
1137 4440 1349 4500 Roeo.
1396 4437 1555 4500 Am.
1608 4457 1712 4516 90.
1777 4438 1863 4501 de
1925 4439 2447 4502 accusatoribus
2511 4459 2553 4501 a
2616 4438 2802 4503 Sulla
2862 4440 3144 4503 occisis:
3215 4438 3386 4520 Quis
3433 4440 3528 4503 ibi
3575 4461 3711 4504 non
3761 4448 3869 4502 est
3915 4438 4314 4500 vulneratus

700 4548 881 4608 ferro
933 4548 1285 4628 Phrygio?

1021 4676 1085 4736 p.
1137 4652 1309 4716 Mur.
1365 4673 1464 4732 50.
1537 4652 1713 4715 Enni
1761 4651 2169 4731 quibusdam
2233 4653 2554 4716 versibus
2618 4674 2730 4716 ars
2793 4656 2953 4718 boni
3020 4656 3316 4718 oratoris
3378 4652 3865 4734 imperatoriae
3929 4653 4063 4716 arti
4123 4660 4315 4732 post-

704 4764 1013 4844 ponitur:
1065 4772 1133 4824 et
1185 4768 1269 4824 oo
1317 4762 1530 4824 rerba
1581 4780 1759 4839 „non
1806 4758 2019 4822 multa
2063 4779 2349 4840 peccaS,
2401 4763 2525 4826 sed
2571 4781 2858 4844 peccas3
2921 4771 2993 4823 te
3038 4779 3285 4841 regere
3333 4766 3680 4841 possum'·‘,
3731 4759 3981 4839 quibus
4030 4755 4317 4820 Catonis

704 4868 977 4928 nimiam
1029 4872 1471 4932 severitatem
1517 4867 1991 4950 perstringere
2039 4865 2294 4948 incipit,
2344 4887 2436 4929 ex
2485 4877 2725 4930 vetere
2770 4864 3005 4928 fabula
3053 4875 3329 4946 sumpta
3375 4864 3714 4927 videntur.

1025 4976 1097 5036 [n
1149 4976 1471 5037 Horatiana
1528 4978 1868 5036 118—-126
1919 4974 2036 5053 qui
2082 4971 2461 5035 afferuntur
2508 4992 2781 5047 versuS,
2847 4971 2893 5034 ii
2949 4972 3109 5034 nihil
3170 4970 3432 5034 ridiculi
3477 4972 3739 5034 habent
3792 4978 4073 5052 praeter
4117 4970 4312 5032 illud:
