4717 5575
1011 271 1228 332 ..11-

816 485 847 565 2)
870 482 1135 547 Annominatio:
1160 486 1426 565 παροιόμασὶα.*)

374 630 444 693 div.
469 628 504 691 in
528 627 630 691 Caec.
657 630 715 690 28:
741 627 789 689 Illi
818 663 846 671 —
881 661 921 671 -
946 646 1015 688 non
1038 635 1074 688 te
1097 645 1144 688 ex
1167 625 1283 689 Sicilia
1307 627 1437 690 litteras
1469 628 1503 690 in
1528 627 1671 690 Verrem
1704 631 1904 710 deportase
1936 626 2023 689 velle

214 737 443 808 arbitrantur,
476 735 539 798 sed
562 771 605 782 -
628 742 834 816 asportare
857 741 892 796 te
916 731 1003 795 velle
1027 752 1072 795 ex
1096 731 1221 796 Sicilia.

375 841 472 905 Verr.
498 841 522 904 I.
549 862 578 904 2.
603 850 658 904 est
687 840 779 902 idem
801 837 948 912 VerreS‚
977 840 1036 920 qui
1065 839 1131 904 fuit
1162 860 1316 924 semper,
1348 850 1387 903 ut
1417 842 1462 903 ad
1492 843 1716 904 audendum
1748 842 1941 924 projectus,
1972 841 2023 904 sic

215 960 358 1034 paratus
381 950 427 1012 ad
450 949 712 1012 audiendum.

374 1056 456 1119 ibid.
482 1076 542 1134 40:
567 1075 588 1116 o
612 1063 871 1138 portentum
893 1054 928 1117 in
951 1054 1086 1116 ultimas
1110 1065 1223 1117 terras
1246 1058 1594 1136 exportandum!
1620 1057 1695 1136 (nisi
1716 1056 1830 1129 Klotz,
1848 1055 2024 1120 Saxonica

216 1164 406 1228 litterarum
428 1170 600 1224 mutarum
623 1170 638 1223 t
661 1171 697 1223 et
720 1162 743 1223 d
765 1159 1047 1242 pronuntiatione
1070 1162 1249 1242 deceptus,
1272 1160 1360 1224 falso
1384 1162 1698 1226 annominationem
1722 1162 1829 1243 vidit).

373 1269 454 1331 ibid.
481 1288 539 1347 44:
565 1267 690 1350 quibus
714 1266 1063 1348 allegationibus
1086 1266 1182 1358 illam
1201 1267 1266 1331 sibi
1292 1269 1559 1349 legationem
1583 1270 1823 1353 expugnavit?

374 1376 416 1437 H.
447 1395 523 1454 129:
548 1394 659 1437 novus
682 1374 898 1455 astrologus,
931 1373 990 1455 qui
1012 1394 1082 1436 non
1104 1386 1176 1437 tam
1200 1375 1314 1438 caeli
1338 1374 1525 1449 rationem,
1557 1396 1659 1458 quam
1689 1377 1857 1440 caelati
1887 1377 2023 1461 argenti

218 1486 366 1556 duceret,
391 1482 496 1545 eximi
519 1482 616 1544 iubet
643 1518 678 1526 -
706 1500 752 1543 ex
775 1499 865 1543 anno
890 1500 993 1543 unum
1017 1480 1299 1562 dimidiatumque
1322 1501 1484 1545 mensem.

374 1590 432 1652 111.
463 1594 540 1652 rod:
573 1588 768 1671 Apronium
798 1624 839 1633 -
866 1622 904 1632 -
937 1588 1144 1670 imperasse,
1177 1599 1215 1651 ut
1245 1588 1280 1650 in
1311 1589 1425 1652 medio
1456 1589 1532 1654 foro
1564 1591 1630 1654 sibi
1661 1591 1739 1655 lecti
1770 1602 2023 1660 sternerentur:

215 1699 343 1762 cotidie
366 1697 504 1760 solitum
528 1715 606 1758 esse
629 1716 699 1758 non
722 1696 825 1758 modo
848 1694 891 1757 in
914 1694 1063 1777 publico,
1088 1695 1150 1757 sed
1173 1694 1279 1759 etiam
1302 1697 1354 1758 de
1376 1696 1515 1778 publico
1540 1698 1727 1761 convivari.

375 1805 421 1868 ib.
451 1824 528 1882 134:
561 1802 619 1884 qui
649 1823 719 1865 non
750 1803 854 1865 modo
883 1802 1047 1864 animum
1076 1802 1266 1884 integrum,
1299 1803 1428 1866 sedne
1452 1804 1614 1867 animam
1639 1806 1775 1886 quidem
1799 1825 1920 1888 puram
1944 1825 2025 1869 con·

218 1932 360 1978 servare
383 1912 564 1995 potuisset.

375 2020 420 2082 ib.
450 2021 528 2095 148:
553 2017 655 2092 Alba,
680 2027 759 2080 tuus
783 2015 1040 2097 antiquissimus
1063 2007 1138 2078 non
1157 2014 1267 2096 solum
1291 2016 1468 2091 amicus,
1492 2037 1612 2079 verum
1636 2017 1740 2080 etiam
1764 2030 1945 2082 amator.

374 2125 435 2189 IV.
466 2147 520 2189 10:
545 2125 718 2207 putabant
741 2123 985 2208 ereptionem
1006 2142 1094 2196 esse,
1119 2142 1187 2185 non
1210 2123 1452 2205 emptionem,
1477 2143 1553 2186 curn
1574 2125 1745 2188 venditori
1769 2144 1832 2188 suo
1854 2125 2024 2189 arbitratu

221 2236 368 2298 vendere
391 2254 461 2297 non
484 2233 612 2296 liceret.
660 2230 704 2294 cf.
728 2232 763 2294 in
786 2231 855 2294 Pis.
882 2251 932 2309 31.
957 2230 992 2293 in
1015 2228 1213 2311 provincias
1238 2229 1292 2293 vel
1315 2240 1465 2313 emptas
1489 2231 1543 2293 vel
1568 2241 1739 2316 ereptas.

374 2342 420 2403 ib.
450 2343 527 2403 126:
553 2337 682 2401 Verres
705 2338 755 2401 ita
777 2337 892 2401 factus
916 2348 951 2400 et
974 2337 1088 2400 animo
1112 2345 1148 2399 et
1170 2355 1332 2419 corpore,
1364 2347 1402 2400 ut
1425 2338 1532 2401 multo
1556 2339 1749 2422 appositior
1772 2340 1818 2403 ad
1840 2337 2023 2410 ferenda,

217 2468 320 2530 quam
344 2448 389 2510 ad
412 2446 632 2509 auferenda
655 2446 756 2527 signa
780 2464 857 2508 esse
881 2444 1049 2507 videatur.

376 2553 419 2617 V.
445 2558 504 2617 26:
529 2552 735 2636 (Syracusis)
758 2552 808 2615 ita
831 2552 974 2615 vivebat
996 2552 1064 2615 iste
1086 2553 1200 2615 bonus
1223 2552 1421 2635 imperator,
1450 2563 1487 2616 ut
1511 2572 1588 2617 eum
1611 2574 1680 2616 non
1704 2552 1805 2616 facile
1828 2572 1898 2615 non
1922 2553 2025 2616 modo

218 2672 320 2724 extra
344 2669 496 2735 tectum,
520 2662 649 2723 sedne
673 2671 776 2724 extra
799 2658 947 2721 lectum
971 2659 1108 2741 quidem
1132 2659 1314 2739 quisquam
1339 2658 1483 2722 videret.

376 2767 421 2831 ib.
448 2785 507 2847 59:
543 2767 689 2852 exigere
719 2776 755 2831 te
785 2766 941 2850 oportuit
970 2785 1113 2839 navem,
1149 2784 1239 2847 quae
1278 2777 1400 2830 contra
1436 2767 1686 2851 praedones,
1726 2787 1796 2830 non
1826 2786 1916 2849 quae
1948 2786 2024 2829 cum

218 2875 380 2956 praeda
406 2875 596 2957 navigaret.

377 2979 423 3043 ib.
453 2997 529 3060 173:
554 2981 633 3043 nolo
657 3017 697 3027 -
722 2980 853 3043 iudices
876 3017 917 3027 -
943 2980 993 3043 sic
1021 3017 1055 3026 ψ
1084 2990 1236 3053 notatos,
1260 2981 1328 3044 isto
1352 2980 1523 3056 absoluto,
1547 2982 1733 3055 ambulare,
1758 2991 1795 3043 ut
1819 3001 1888 3044 non
1912 3000 2024 3055 cera,

217 3088 279 3149 sed
302 3106 441 3151 caeno
465 3087 561 3151 obliti
585 3108 665 3151 esse
688 3087 871 3152 videantur
894 3089 985 3167 (cera
1008 3086 1169 3150 discolori
1193 3087 1295 3169 signo
1318 3097 1440 3150 notata
1460 3088 1599 3151 tabulae
1621 3098 1861 3169 corruptorum
1876 3087 2026 3151 iudicum

217 3193 365 3256 discerni
388 3197 573 3276 poterant).

378 3300 421 3363 de
445 3300 511 3383 leg.
536 3319 610 3383 agr.
635 3300 676 3363 Π.
702 3323 739 3380 4:
764 3302 830 3364 hoc
853 3303 986 3364 honore
1008 3321 1064 3363 me
1087 3299 1271 3373 affecistis,
1296 3339 1336 3347 -
1363 3338 1402 3346 --
1429 3303 1522 3383 quod
1546 3303 1631 3366 meis
1655 3302 1802 3366 comitiis
1824 3322 1894 3365 non
1917 3300 2026 3365 tabel-

216 3408 281 3471 lam
306 3407 491 3471 vindicem
514 3406 643 3470 tacitae
665 3407 851 3482 libertatis,
882 3408 945 3470 sed
976 3426 1096 3471 vocem
1128 3408 1243 3470 vivam
1274 3428 1360 3490 prae
1392 3408 1493 3472 vobis
1524 3410 1692 3473 indicem
1724 3420 1917 3473 vestrarum
1940 3427 2026 3490 erga

216 3532 271 3577 me
293 3514 511 3577 voluntatum
536 3550 574 3561 —
600 3512 736 3577 tulistis.

376 3620 412 3683 in
435 3619 510 3685 Cat.
533 3620 559 3684 Ι.
586 3641 644 3701 27:
669 3620 801 3704 profeci
826 3658 867 3681 .-
891 3631 930 3684 ut
952 3621 1066 3685 exsul
1089 3620 1207 3705 potius
1231 3631 1421 3706 temptare,
1446 3641 1550 3703 quam
1572 3624 1712 3686 consul
1737 3642 1868 3687 vexare
1890 3641 2026 3705 rempu-

217 3727 341 3790 blicam
365 3746 499 3809 posses.

376 3835 420 3897 de
442 3834 516 3898 har.
541 3855 632 3918 resp.
658 3839 691 3899 6:
717 3833 823 3917 (Milo)
846 3836 1021 3919 cognovit,
1046 3836 1336 3917 quemadmodum
1360 3834 1515 3899 Clodium
1537 3872 1580 3882 -
1606 3873 1642 3883 κ
1666 3857 1735 3899 non
1759 3838 1863 3900 modo
1887 3835 2025 3910 vinci,

219 3940 465 4003 verumetiam
489 3941 654 4006 vinciri
678 3950 866 4024 oporteret.

377 4067 411 4128 p.
435 4045 527 4110 Sest.
553 4051 612 4111 66:
637 4067 728 4129 quae
748 4049 837 4111 ratio
861 4058 922 4113 aut
944 4048 1126 4113 flandae
1150 4060 1211 4113 aut
1234 4050 1484 4114 conflandae
1499 4051 1667 4133 pecuniae
1683 4071 1752 4115 non
1768 4053 2026 4134 reperiebatur?

217 4152 321 4233 (quae
343 4170 412 4214 non
435 4173 456 4215 a
480 4151 600 4217 Clodio
624 4153 890 4237 discriberetur).

378 4258 423 4322 ib.
443 4277 497 4339 72:
521 4261 714 4343 respirasse
729 4261 886 4326 homines
902 4262 1109 4326 videbantur
1125 4264 1275 4327 nondum
1292 4283 1348 4339 re,
1365 4265 1428 4328 sed
1444 4285 1515 4347 spe
1532 4265 1742 4347 reipublicae
1757 4266 2024 4348 recuperandae.

378 4365 412 4427 in
435 4366 504 4430 Pis.
529 4388 566 4430 2:
591 4369 784 4443 moribus,
808 4387 877 4433 non
900 4369 1123 4433 maioribus
1146 4370 1232 4433 meis
1256 4371 1414 4454 (populus
1436 4371 1604 4434 honorem
1628 4369 1829 4451 deferebat).

377 4474 421 4538 ib.
447 4496 507 4555 94:
532 4475 703 4539 neminem
726 4476 899 4540 invitus
923 4476 1131 4541 invitabis
1155 4480 1244 4559 (cum
1267 4478 1353 4541 alios
1374 4477 1507 4559 judices
1530 4479 1756 4558 habebimus).

378 4602 411 4664 p.
435 4579 528 4645 Cael.
554 4603 613 4662 31:
639 4602 716 4646 cum
739 4581 860 4647 Clodia
883 4582 1023 4646 muliere
1045 4604 1115 4648 non
1139 4584 1247 4649 solum
1271 4585 1417 4657 nobili,
1441 4585 1504 4648 sed
1528 4586 1631 4648 etiam
1655 4594 1716 4648 not
1725 4604 1756 4646 a.

216 4732 536 4742 ”mma-..-

376 4813 506 4875 *lomnia
524 4812 574 4862 huc
594 4818 726 4879 congessi,
753 4832 804 4865 non
823 4831 875 4882 quo
894 4816 920 4865 in
939 4816 1059 4866 omnibus
1078 4818 1182 4867 facetias
1201 4819 1285 4867 inesse
1302 4818 1428 4880 judicem,
1454 4816 1498 4865 sed
1518 4832 1562 4873 ea,
1588 4817 1613 4864 in
1633 4816 1727 4881 quibus
1746 4815 1810 4866 nihil
1831 4816 1932 4866 ridiculi
1953 4817 2026 4875 inest,

218 4897 288 4947 nolui
312 4914 456 4950 secernere.
493 4899 576 4950 Simul
601 4904 737 4967 apparebit
757 4906 902 4970 Zumptium
920 4905 1005 4969 (Verr.
1024 4907 1073 4956 IV.
1096 4907 1146 4968 ιο.)
1170 4922 1221 4955 nou
1248 4915 1316 4957 recte
1341 4907 1426 4955 dicere
1451 4905 1601 4955 Ciceronem
1627 4903 1677 4953 hoc
1701 4920 1794 4969 genere
1820 4906 1902 4956 multo
1928 4907 2027 4971 parcius

216 4987 261 5046 uti,
280 5003 357 5053 quam
377 4992 458 5052 possit
477 4991 607 5054 expectari
626 5007 641 5040 a
660 4998 730 5040 tanto
750 4992 861 5043 hominis
880 4995 1004 5044 acumine.

1815 5080 1853 5133 2*
