<?xml version="1.0" encoding="UTF-8"?>
<!DOCTYPE html PUBLIC "-//W3C//DTD XHTML 1.0 Transitional//EN"
    "http://www.w3.org/TR/xhtml1/DTD/xhtml1-transitional.dtd">
<html xmlns="http://www.w3.org/1999/xhtml" xml:lang="en" lang="en">
 <head>
  <title>
</title>
<meta http-equiv="Content-Type" content="text/html;charset=utf-8" />
  <meta name='ocr-system' content='tesseract 3.04.00' />
  <meta name='ocr-capabilities' content='ocr_page ocr_carea ocr_par ocr_line ocrx_word'/>
</head>
<body>
  <div class='ocr_page' id='page_1' title='image "./deciceronisinor00haacgoog_0008.png"; bbox 0 0 4717 5575; ppageno 0'>
   <div class='ocr_carea' id='block_1_1' title="bbox 2327 299 2721 362">
    <p class='ocr_par' dir='ltr' id='par_1_1' title="bbox 2327 299 2721 362">
     <span class='ocr_line' id='line_1_1' title="bbox 2327 299 2721 362; baseline 0.003 -17"><span class='ocrx_word' id='word_1_1' title='bbox 2327 299 2721 362; x_wconf 63' lang='lat'>-4-</span> 
     </span>
    </p>
   </div>
   <div class='ocr_carea' id='block_1_2' title="bbox 712 510 4341 4869">
    <p class='ocr_par' dir='ltr' id='par_1_2' title="bbox 716 510 4341 2304">
     <span class='ocr_line' id='line_1_2' title="bbox 724 510 4337 595; baseline -0 -20"><span class='ocrx_word' id='word_1_2' title='bbox 724 515 1161 583; x_wconf 62' lang='lat' dir='ltr'>Strabonem..</span> <span class='ocrx_word' id='word_1_3' title='bbox 1213 535 1349 595; x_wconf 72' lang='lat' dir='ltr'>quo</span> <span class='ocrx_word' id='word_1_4' title='bbox 1397 534 1597 576; x_wconf 84' lang='lat' dir='ltr'>nemo</span> <span class='ocrx_word' id='word_1_5' title='bbox 1646 533 1948 595; x_wconf 90' lang='lat' dir='ltr'>unquam</span> <span class='ocrx_word' id='word_1_6' title='bbox 1995 513 2392 577; x_wconf 81' lang='lat' dir='ltr'><strong>urbanitate</strong></span> <span class='ocrx_word' id='word_1_7' title='bbox 2438 520 2510 574; x_wconf 92' lang='lat' dir='ltr'>et</span> <span class='ocrx_word' id='word_1_8' title='bbox 2555 512 2791 595; x_wconf 92' lang='lat' dir='ltr'>lepore</span> <span class='ocrx_word' id='word_1_9' title='bbox 2838 510 3181 575; x_wconf 91' lang='lat' dir='ltr'>conditior</span> <span class='ocrx_word' id='word_1_10' title='bbox 3225 510 3375 584; x_wconf 84' lang='lat' dir='ltr'>fuit,</span> <span class='ocrx_word' id='word_1_11' title='bbox 3438 511 3607 576; x_wconf 78' lang='lat' dir='ltr'>facit</span> <span class='ocrx_word' id='word_1_12' title='bbox 3654 513 3742 575; x_wconf 88' lang='lat' dir='ltr'>de</span> <span class='ocrx_word' id='word_1_13' title='bbox 3787 512 4059 576; x_wconf 88' lang='lat' dir='ltr'>facetiis</span> <span class='ocrx_word' id='word_1_14' title='bbox 4104 512 4337 594; x_wconf 89' lang='lat' dir='ltr'>dispu-</span> 
     </span>
     <span class='ocr_line' id='line_1_3' title="bbox 724 617 4339 703; baseline -0.001 -20"><span class='ocrx_word' id='word_1_15' title='bbox 724 631 1005 683; x_wconf 86' lang='lat' dir='ltr'>tantem.</span> <span class='ocrx_word' id='word_1_16' title='bbox 1101 619 1337 703; x_wconf 65' lang='lat' dir='ltr'>Atque</span> <span class='ocrx_word' id='word_1_17' title='bbox 1389 631 1608 684; x_wconf 85' lang='lat' dir='ltr'>totum</span> <span class='ocrx_word' id='word_1_18' title='bbox 1653 622 1812 685; x_wconf 91' lang='lat' dir='ltr'>illud</span> <span class='ocrx_word' id='word_1_19' title='bbox 1873 622 2083 684; x_wconf 90' lang='lat' dir='ltr'>risum</span> <span class='ocrx_word' id='word_1_20' title='bbox 2146 637 2430 682; x_wconf 88' lang='lat' dir='ltr'>movere</span> <span class='ocrx_word' id='word_1_21' title='bbox 2492 619 2664 691; x_wconf 90' lang='lat' dir='ltr'>leve,</span> <span class='ocrx_word' id='word_1_22' title='bbox 2728 618 2852 680; x_wconf 89' lang='lat' dir='ltr'>sed</span> <span class='ocrx_word' id='word_1_23' title='bbox 2900 617 3103 700; x_wconf 91' lang='lat' dir='ltr'>plane</span> <span class='ocrx_word' id='word_1_24' title='bbox 3151 618 3446 681; x_wconf 90' lang='lat' dir='ltr'>oratoris</span> <span class='ocrx_word' id='word_1_25' title='bbox 3495 638 3651 682; x_wconf 87' lang='lat' dir='ltr'>esse</span> <span class='ocrx_word' id='word_1_26' title='bbox 3697 639 3780 682; x_wconf 89' lang='lat' dir='ltr'>ac</span> <span class='ocrx_word' id='word_1_27' title='bbox 3826 619 4111 683; x_wconf 91' lang='lat' dir='ltr'>multum</span> <span class='ocrx_word' id='word_1_28' title='bbox 4158 618 4339 682; x_wconf 89' lang='lat' dir='ltr'>sales</span> 
     </span>
     <span class='ocr_line' id='line_1_4' title="bbox 724 723 4339 806; baseline 0 -19"><span class='ocrx_word' id='word_1_29' title='bbox 724 739 793 787; x_wconf 86' lang='lat' dir='ltr'>et</span> <span class='ocrx_word' id='word_1_30' title='bbox 841 727 1129 791; x_wconf 66' lang='lat' dir='ltr'>facetias</span> <span class='ocrx_word' id='word_1_31' title='bbox 1181 731 1245 791; x_wconf 89' lang='lat' dir='ltr'>in</span> <span class='ocrx_word' id='word_1_32' title='bbox 1297 731 1584 791; x_wconf 72' lang='lat' dir='ltr'>dicendo</span> <span class='ocrx_word' id='word_1_33' title='bbox 1631 728 1864 791; x_wconf 87' lang='lat' dir='ltr'>valere</span> <span class='ocrx_word' id='word_1_34' title='bbox 1914 727 2107 799; x_wconf 89' lang='lat' dir='ltr'>dicit,</span> <span class='ocrx_word' id='word_1_35' title='bbox 2175 725 2363 806; x_wconf 89' lang='lat' dir='ltr'>quod</span> <span class='ocrx_word' id='word_1_36' title='bbox 2420 724 2731 787; x_wconf 79' lang='lat' dir='ltr'><strong>hilaritas</strong></span> <span class='ocrx_word' id='word_1_37' title='bbox 2779 724 3040 787; x_wconf 90' lang='lat' dir='ltr'>oratori</span> <span class='ocrx_word' id='word_1_38' title='bbox 3087 723 3643 787; x_wconf 83' lang='lat' dir='ltr'>benevolentiam</span> <span class='ocrx_word' id='word_1_39' title='bbox 3691 727 4009 789; x_wconf 87' lang='lat' dir='ltr'>conciliet</span> <span class='ocrx_word' id='word_1_40' title='bbox 4054 735 4175 789; x_wconf 91' lang='lat' dir='ltr'>aut</span> <span class='ocrx_word' id='word_1_41' title='bbox 4220 726 4339 788; x_wconf 91' lang='lat' dir='ltr'>ad-</span> 
     </span>
     <span class='ocr_line' id='line_1_5' title="bbox 724 830 4341 916; baseline 0 -21"><span class='ocrx_word' id='word_1_42' title='bbox 724 835 1185 907; x_wconf 70' lang='lat' dir='ltr'>mirationem,</span> <span class='ocrx_word' id='word_1_43' title='bbox 1249 847 1365 895; x_wconf 88' lang='lat' dir='ltr'>aut</span> <span class='ocrx_word' id='word_1_44' title='bbox 1433 835 1712 916; x_wconf 78' lang='lat' dir='ltr'>frangat</span> <span class='ocrx_word' id='word_1_45' title='bbox 1773 842 1844 896; x_wconf 91' lang='lat' dir='ltr'>et</span> <span class='ocrx_word' id='word_1_46' title='bbox 1904 833 2237 916; x_wconf 89' lang='lat' dir='ltr'>impediat</span> <span class='ocrx_word' id='word_1_47' title='bbox 2301 830 2807 905; x_wconf 89' lang='lat' dir='ltr'>adversarium,</span> <span class='ocrx_word' id='word_1_48' title='bbox 2873 839 2994 893; x_wconf 89' lang='lat' dir='ltr'>aut</span> <span class='ocrx_word' id='word_1_49' title='bbox 3049 830 3397 893; x_wconf 89' lang='lat' dir='ltr'>tristitiam</span> <span class='ocrx_word' id='word_1_50' title='bbox 3444 849 3527 893; x_wconf 87' lang='lat' dir='ltr'>ac</span> <span class='ocrx_word' id='word_1_51' title='bbox 3574 833 4017 895; x_wconf 87' lang='lat' dir='ltr'>severitatem</span> <span class='ocrx_word' id='word_1_52' title='bbox 4065 832 4341 915; x_wconf 90' lang='lat' dir='ltr'>mitiget</span> 
     </span>
     <span class='ocr_line' id='line_1_6' title="bbox 724 936 4341 1023; baseline -0.001 -20"><span class='ocrx_word' id='word_1_53' title='bbox 724 943 1141 1023; x_wconf 80' lang='lat' dir='ltr'>odiosasque</span> <span class='ocrx_word' id='word_1_54' title='bbox 1189 963 1301 1003; x_wconf 87' lang='lat' dir='ltr'>res</span> <span class='ocrx_word' id='word_1_55' title='bbox 1349 962 1579 1023; x_wconf 77' lang='lat' dir='ltr'>saepe,</span> <span class='ocrx_word' id='word_1_56' title='bbox 1630 960 1803 1022; x_wconf 87' lang='lat' dir='ltr'>quas</span> <span class='ocrx_word' id='word_1_57' title='bbox 1850 940 2278 1022; x_wconf 83' lang='lat' dir='ltr'>argumentis</span> <span class='ocrx_word' id='word_1_58' title='bbox 2326 938 2489 1001; x_wconf 90' lang='lat' dir='ltr'>dilui</span> <span class='ocrx_word' id='word_1_59' title='bbox 2535 958 2674 1000; x_wconf 92' lang='lat' dir='ltr'>non</span> <span class='ocrx_word' id='word_1_60' title='bbox 2719 936 2923 1000; x_wconf 82' lang='lat' dir='ltr'>facile</span> <span class='ocrx_word' id='word_1_61' title='bbox 2968 937 3077 1012; x_wconf 90' lang='lat' dir='ltr'>sit,</span> <span class='ocrx_word' id='word_1_62' title='bbox 3140 937 3294 999; x_wconf 91' lang='lat' dir='ltr'>ioco</span> <span class='ocrx_word' id='word_1_63' title='bbox 3341 937 3622 1019; x_wconf 89' lang='lat' dir='ltr'>risuque</span> <span class='ocrx_word' id='word_1_64' title='bbox 3668 938 4024 1001; x_wconf 88' lang='lat' dir='ltr'>dissolvat.</span> <span class='ocrx_word' id='word_1_65' title='bbox 4118 938 4341 1002; x_wconf 88' lang='lat' dir='ltr'>Addit</span> 
     </span>
     <span class='ocr_line' id='line_1_7' title="bbox 720 1043 4340 1128; baseline 0 -21"><span class='ocrx_word' id='word_1_66' title='bbox 720 1059 949 1111; x_wconf 88' lang='lat' dir='ltr'>autem</span> <span class='ocrx_word' id='word_1_67' title='bbox 1001 1048 1333 1127; x_wconf 83' lang='lat' dir='ltr'>quasdam</span> <span class='ocrx_word' id='word_1_68' title='bbox 1385 1046 1772 1111; x_wconf 73' lang='lat' dir='ltr'>cautiones:</span> <span class='ocrx_word' id='word_1_69' title='bbox 1838 1046 2205 1128; x_wconf 85' lang='lat' dir='ltr'>diligenter</span> <span class='ocrx_word' id='word_1_70' title='bbox 2264 1044 2637 1108; x_wconf 89' lang='lat' dir='ltr'>videndum</span> <span class='ocrx_word' id='word_1_71' title='bbox 2686 1063 2843 1107; x_wconf 91' lang='lat' dir='ltr'>esse</span> <span class='ocrx_word' id='word_1_72' title='bbox 2898 1043 3194 1116; x_wconf 91' lang='lat' dir='ltr'>oratori,</span> <span class='ocrx_word' id='word_1_73' title='bbox 3257 1054 3599 1125; x_wconf 89' lang='lat' dir='ltr'>quatenus</span> <span class='ocrx_word' id='word_1_74' title='bbox 3646 1044 3930 1107; x_wconf 90' lang='lat' dir='ltr'>ridicula</span> <span class='ocrx_word' id='word_1_75' title='bbox 3976 1044 4114 1107; x_wconf 90' lang='lat' dir='ltr'>sint</span> <span class='ocrx_word' id='word_1_76' title='bbox 4161 1053 4340 1107; x_wconf 91' lang='lat' dir='ltr'>trac-</span> 
     </span>
     <span class='ocr_line' id='line_1_8' title="bbox 720 1151 4338 1236; baseline -0.001 -21"><span class='ocrx_word' id='word_1_77' title='bbox 720 1155 965 1215; x_wconf 80' lang='lat' dir='ltr'>tanda:</span> <span class='ocrx_word' id='word_1_78' title='bbox 1033 1175 1185 1215; x_wconf 87' lang='lat' dir='ltr'>narn</span> <span class='ocrx_word' id='word_1_79' title='bbox 1253 1175 1377 1215; x_wconf 84' lang='lat' dir='ltr'>nee</span> <span class='ocrx_word' id='word_1_80' title='bbox 1429 1154 1766 1236; x_wconf 72' lang='lat' dir='ltr'>insignem</span> <span class='ocrx_word' id='word_1_81' title='bbox 1815 1163 1886 1217; x_wconf 90' lang='lat' dir='ltr'>et</span> <span class='ocrx_word' id='word_1_82' title='bbox 1931 1153 2190 1217; x_wconf 89' lang='lat' dir='ltr'>scelere</span> <span class='ocrx_word' id='word_1_83' title='bbox 2237 1154 2539 1216; x_wconf 89' lang='lat' dir='ltr'>iunctam</span> <span class='ocrx_word' id='word_1_84' title='bbox 2587 1151 3103 1234; x_wconf 85' lang='lat' dir='ltr'>improbitatem</span> <span class='ocrx_word' id='word_1_85' title='bbox 3149 1170 3279 1215; x_wconf 89' lang='lat' dir='ltr'>nec</span> <span class='ocrx_word' id='word_1_86' title='bbox 3326 1170 3561 1214; x_wconf 89' lang='lat' dir='ltr'>rursus</span> <span class='ocrx_word' id='word_1_87' title='bbox 3607 1151 3947 1214; x_wconf 90' lang='lat' dir='ltr'>miseriam</span> <span class='ocrx_word' id='word_1_88' title='bbox 3994 1151 4338 1234; x_wconf 84' lang='lat' dir='ltr'>insignem</span> 
     </span>
     <span class='ocr_line' id='line_1_9' title="bbox 720 1257 4337 1343; baseline 0 -24"><span class='ocrx_word' id='word_1_89' title='bbox 720 1259 857 1323; x_wconf 90' lang='lat' dir='ltr'>risu</span> <span class='ocrx_word' id='word_1_90' title='bbox 909 1283 1065 1323; x_wconf 86' lang='lat' dir='ltr'>esse</span> <span class='ocrx_word' id='word_1_91' title='bbox 1113 1263 1533 1343; x_wconf 68' lang='lat' dir='ltr'>agitandam.</span> <span class='ocrx_word' id='word_1_92' title='bbox 1626 1261 1898 1324; x_wconf 88' lang='lat' dir='ltr'>Pariter</span> <span class='ocrx_word' id='word_1_93' title='bbox 1943 1260 2012 1323; x_wconf 92' lang='lat' dir='ltr'>in</span> <span class='ocrx_word' id='word_1_94' title='bbox 2059 1258 2256 1323; x_wconf 89' lang='lat' dir='ltr'>Orat.</span> <span class='ocrx_word' id='word_1_95' title='bbox 2309 1262 2414 1333; x_wconf 83' lang='lat'>26,</span> <span class='ocrx_word' id='word_1_96' title='bbox 2464 1261 2568 1321; x_wconf 92' lang='lat'>88.</span> <span class='ocrx_word' id='word_1_97' title='bbox 2618 1257 2901 1321; x_wconf 87' lang='lat' dir='ltr'>ridiculo</span> <span class='ocrx_word' id='word_1_98' title='bbox 2948 1257 3048 1319; x_wconf 92' lang='lat' dir='ltr'>uti</span> <span class='ocrx_word' id='word_1_99' title='bbox 3103 1266 3300 1320; x_wconf 88' lang='lat' dir='ltr'>vetat</span> <span class='ocrx_word' id='word_1_100' title='bbox 3348 1267 3694 1320; x_wconf 86' lang='lat' dir='ltr'>oratorem</span> <span class='ocrx_word' id='word_1_101' title='bbox 3740 1257 3807 1320; x_wconf 90' lang='lat' dir='ltr'>in</span> <span class='ocrx_word' id='word_1_102' title='bbox 3858 1257 4337 1332; x_wconf 87' lang='lat' dir='ltr'>calamitatem,</span> 
     </span>
     <span class='ocr_line' id='line_1_10' title="bbox 720 1363 4341 1446; baseline -0.001 -19"><span class='ocrx_word' id='word_1_103' title='bbox 720 1387 805 1427; x_wconf 89' lang='lat' dir='ltr'>ne</span> <span class='ocrx_word' id='word_1_104' title='bbox 853 1367 1289 1431; x_wconf 79' lang='lat' dir='ltr'>inhumanum</span> <span class='ocrx_word' id='word_1_105' title='bbox 1341 1367 1683 1443; x_wconf 68' lang='lat' dir='ltr'>videatur,</span> <span class='ocrx_word' id='word_1_106' title='bbox 1734 1377 1855 1430; x_wconf 93' lang='lat' dir='ltr'>aut</span> <span class='ocrx_word' id='word_1_107' title='bbox 1900 1368 1967 1431; x_wconf 93' lang='lat' dir='ltr'>in</span> <span class='ocrx_word' id='word_1_108' title='bbox 2014 1366 2303 1440; x_wconf 78' lang='lat' dir='ltr'>facinuS,</span> <span class='ocrx_word' id='word_1_109' title='bbox 2368 1385 2456 1429; x_wconf 90' lang='lat' dir='ltr'>ne</span> <span class='ocrx_word' id='word_1_110' title='bbox 2504 1365 2641 1427; x_wconf 91' lang='lat' dir='ltr'>odii</span> <span class='ocrx_word' id='word_1_111' title='bbox 2697 1364 2920 1435; x_wconf 86' lang='lat' dir='ltr'>locum</span> <span class='ocrx_word' id='word_1_112' title='bbox 2966 1363 3145 1427; x_wconf 89' lang='lat' dir='ltr'>risus</span> <span class='ocrx_word' id='word_1_113' title='bbox 3206 1374 3523 1446; x_wconf 89' lang='lat' dir='ltr'>occupet.</span> <span class='ocrx_word' id='word_1_114' title='bbox 3601 1364 3848 1445; x_wconf 89' lang='lat' dir='ltr'>Itaque</span> <span class='ocrx_word' id='word_1_115' title='bbox 3892 1364 4210 1444; x_wconf 81' lang='lat' dir='ltr'>facillime</span> <span class='ocrx_word' id='word_1_116' title='bbox 4256 1382 4341 1425; x_wconf 87' lang='lat' dir='ltr'>ea</span> 
     </span>
     <span class='ocr_line' id='line_1_11' title="bbox 716 1471 4339 1556; baseline 0 -25"><span class='ocrx_word' id='word_1_117' title='bbox 716 1475 853 1532; x_wconf 79' lang='lat' dir='ltr'>ludi</span> <span class='ocrx_word' id='word_1_118' title='bbox 917 1483 1149 1555; x_wconf 77' lang='lat' dir='ltr'>putat,</span> <span class='ocrx_word' id='word_1_119' title='bbox 1217 1495 1393 1555; x_wconf 84' lang='lat' dir='ltr'>quae</span> <span class='ocrx_word' id='word_1_120' title='bbox 1453 1494 1677 1555; x_wconf 86' lang='lat' dir='ltr'>neque</span> <span class='ocrx_word' id='word_1_121' title='bbox 1733 1475 1893 1537; x_wconf 91' lang='lat' dir='ltr'>odio</span> <span class='ocrx_word' id='word_1_122' title='bbox 1940 1493 2195 1556; x_wconf 88' lang='lat' dir='ltr'>magno</span> <span class='ocrx_word' id='word_1_123' title='bbox 2243 1492 2471 1555; x_wconf 90' lang='lat' dir='ltr'>neque</span> <span class='ocrx_word' id='word_1_124' title='bbox 2515 1471 2990 1535; x_wconf 85' lang='lat' dir='ltr'>misericordia</span> <span class='ocrx_word' id='word_1_125' title='bbox 3033 1472 3338 1534; x_wconf 90' lang='lat' dir='ltr'>maxima</span> <span class='ocrx_word' id='word_1_126' title='bbox 3386 1472 3599 1554; x_wconf 88' lang='lat' dir='ltr'>digna</span> <span class='ocrx_word' id='word_1_127' title='bbox 3645 1472 3815 1546; x_wconf 92' lang='lat' dir='ltr'>sint,</span> <span class='ocrx_word' id='word_1_128' title='bbox 3866 1481 3938 1535; x_wconf 94' lang='lat' dir='ltr'>et</span> <span class='ocrx_word' id='word_1_129' title='bbox 3982 1471 4339 1534; x_wconf 88' lang='lat' dir='ltr'>materiem</span> 
     </span>
     <span class='ocr_line' id='line_1_12' title="bbox 720 1577 4340 1660; baseline 0 -21"><span class='ocrx_word' id='word_1_130' title='bbox 720 1595 873 1639; x_wconf 88' lang='lat' dir='ltr'>esse</span> <span class='ocrx_word' id='word_1_131' title='bbox 937 1599 1205 1639; x_wconf 76' lang='lat' dir='ltr'>omnem</span> <span class='ocrx_word' id='word_1_132' title='bbox 1281 1583 1713 1643; x_wconf 77' lang='lat' dir='ltr'>ridiculorum</span> <span class='ocrx_word' id='word_1_133' title='bbox 1789 1580 1859 1643; x_wconf 91' lang='lat' dir='ltr'>in</span> <span class='ocrx_word' id='word_1_134' title='bbox 1936 1579 2086 1642; x_wconf 91' lang='lat' dir='ltr'>istis</span> <span class='ocrx_word' id='word_1_135' title='bbox 2162 1579 2385 1654; x_wconf 88' lang='lat' dir='ltr'>vitiis,</span> <span class='ocrx_word' id='word_1_136' title='bbox 2464 1598 2644 1660; x_wconf 89' lang='lat' dir='ltr'>quae</span> <span class='ocrx_word' id='word_1_137' title='bbox 2721 1577 2860 1640; x_wconf 90' lang='lat' dir='ltr'>sint</span> <span class='ocrx_word' id='word_1_138' title='bbox 2935 1578 3006 1640; x_wconf 92' lang='lat' dir='ltr'>in</span> <span class='ocrx_word' id='word_1_139' title='bbox 3082 1578 3230 1639; x_wconf 87' lang='lat' dir='ltr'>vita</span> <span class='ocrx_word' id='word_1_140' title='bbox 3305 1578 3655 1641; x_wconf 90' lang='lat' dir='ltr'>hominum</span> <span class='ocrx_word' id='word_1_141' title='bbox 3731 1598 3956 1660; x_wconf 91' lang='lat' dir='ltr'>neque</span> <span class='ocrx_word' id='word_1_142' title='bbox 4027 1598 4340 1641; x_wconf 89' lang='lat' dir='ltr'>carorum</span> 
     </span>
     <span class='ocr_line' id='line_1_13' title="bbox 720 1683 4337 1769; baseline -0 -22"><span class='ocrx_word' id='word_1_143' title='bbox 720 1703 941 1763; x_wconf 71' lang='lat' dir='ltr'>neque</span> <span class='ocrx_word' id='word_1_144' title='bbox 1017 1687 1569 1751; x_wconf 66' lang='lat' dir='ltr'>calamitosorum</span> <span class='ocrx_word' id='word_1_145' title='bbox 1639 1706 1867 1769; x_wconf 89' lang='lat' dir='ltr'>neque</span> <span class='ocrx_word' id='word_1_146' title='bbox 1936 1706 2206 1760; x_wconf 89' lang='lat' dir='ltr'>eorum,</span> <span class='ocrx_word' id='word_1_147' title='bbox 2280 1685 2398 1767; x_wconf 92' lang='lat' dir='ltr'>qui</span> <span class='ocrx_word' id='word_1_148' title='bbox 2461 1686 2553 1747; x_wconf 92' lang='lat' dir='ltr'>ob</span> <span class='ocrx_word' id='word_1_149' title='bbox 2615 1683 2884 1747; x_wconf 86' lang='lat' dir='ltr'>facinus</span> <span class='ocrx_word' id='word_1_150' title='bbox 2946 1684 3037 1747; x_wconf 91' lang='lat' dir='ltr'>ad</span> <span class='ocrx_word' id='word_1_151' title='bbox 3099 1683 3509 1767; x_wconf 89' lang='lat' dir='ltr'>supplicium</span> <span class='ocrx_word' id='word_1_152' title='bbox 3569 1685 3881 1768; x_wconf 88' lang='lat' dir='ltr'>rapiendi</span> <span class='ocrx_word' id='word_1_153' title='bbox 3944 1686 4337 1756; x_wconf 89' lang='lat' dir='ltr'>videantur;</span> 
     </span>
     <span class='ocr_line' id='line_1_14' title="bbox 716 1790 4340 1876; baseline 0.001 -26"><span class='ocrx_word' id='word_1_154' title='bbox 716 1811 873 1851; x_wconf 87' lang='lat' dir='ltr'>esse</span> <span class='ocrx_word' id='word_1_155' title='bbox 921 1791 1129 1855; x_wconf 84' lang='lat' dir='ltr'>etiam</span> <span class='ocrx_word' id='word_1_156' title='bbox 1177 1795 1241 1855; x_wconf 83' lang='lat' dir='ltr'>in</span> <span class='ocrx_word' id='word_1_157' title='bbox 1293 1791 1732 1855; x_wconf 69' lang='lat' dir='ltr'>deformitate</span> <span class='ocrx_word' id='word_1_158' title='bbox 1779 1803 1850 1855; x_wconf 89' lang='lat' dir='ltr'>et</span> <span class='ocrx_word' id='word_1_159' title='bbox 1897 1793 2207 1874; x_wconf 91' lang='lat' dir='ltr'>corporis</span> <span class='ocrx_word' id='word_1_160' title='bbox 2255 1792 2477 1864; x_wconf 89' lang='lat' dir='ltr'>vitiis,</span> <span class='ocrx_word' id='word_1_161' title='bbox 2537 1793 2663 1854; x_wconf 89' lang='lat' dir='ltr'>sed</span> <span class='ocrx_word' id='word_1_162' title='bbox 2718 1792 2852 1854; x_wconf 88' lang='lat' dir='ltr'>hoc</span> <span class='ocrx_word' id='word_1_163' title='bbox 2900 1790 3201 1854; x_wconf 80' lang='lat' dir='ltr'>maxime</span> <span class='ocrx_word' id='word_1_164' title='bbox 3246 1792 3316 1854; x_wconf 91' lang='lat' dir='ltr'>in</span> <span class='ocrx_word' id='word_1_165' title='bbox 3371 1811 3629 1875; x_wconf 91' lang='lat' dir='ltr'>genere</span> <span class='ocrx_word' id='word_1_166' title='bbox 3683 1792 4050 1876; x_wconf 90' lang='lat' dir='ltr'>diligenter</span> <span class='ocrx_word' id='word_1_167' title='bbox 4103 1792 4340 1854; x_wconf 88' lang='lat' dir='ltr'>viden-</span> 
     </span>
     <span class='ocr_line' id='line_1_15' title="bbox 720 1897 4340 1981; baseline 0 -22"><span class='ocrx_word' id='word_1_168' title='bbox 720 1899 897 1967; x_wconf 73' lang='lat' dir='ltr'>dum,</span> <span class='ocrx_word' id='word_1_169' title='bbox 973 1907 1313 1979; x_wconf 80' lang='lat' dir='ltr'>quatenus</span> <span class='ocrx_word' id='word_1_170' title='bbox 1385 1899 1648 1963; x_wconf 72' lang='lat' dir='ltr'>deceat.</span> <span class='ocrx_word' id='word_1_171' title='bbox 1742 1898 1902 1961; x_wconf 91' lang='lat' dir='ltr'>Duo</span> <span class='ocrx_word' id='word_1_172' title='bbox 1972 1906 2204 1961; x_wconf 89' lang='lat' dir='ltr'>autem</span> <span class='ocrx_word' id='word_1_173' title='bbox 2273 1917 2430 1961; x_wconf 88' lang='lat' dir='ltr'>esse</span> <span class='ocrx_word' id='word_1_174' title='bbox 2499 1898 2646 1961; x_wconf 87' lang='lat' dir='ltr'>vult</span> <span class='ocrx_word' id='word_1_175' title='bbox 2713 1917 2975 1980; x_wconf 89' lang='lat' dir='ltr'>genera</span> <span class='ocrx_word' id='word_1_176' title='bbox 3042 1897 3473 1973; x_wconf 87' lang='lat' dir='ltr'>facetiarum,</span> <span class='ocrx_word' id='word_1_177' title='bbox 3545 1919 3837 1981; x_wconf 89' lang='lat' dir='ltr'>quorum</span> <span class='ocrx_word' id='word_1_178' title='bbox 3898 1900 4190 1962; x_wconf 87' lang='lat' dir='ltr'>alterum</span> <span class='ocrx_word' id='word_1_179' title='bbox 4249 1918 4340 1960; x_wconf 90' lang='lat' dir='ltr'>re</span> 
     </span>
     <span class='ocr_line' id='line_1_16' title="bbox 716 2004 4339 2088; baseline 0 -21"><span class='ocrx_word' id='word_1_180' title='bbox 716 2015 1073 2079; x_wconf 69' lang='lat' dir='ltr'>tractetur,</span> <span class='ocrx_word' id='word_1_181' title='bbox 1121 2007 1409 2067; x_wconf 82' lang='lat' dir='ltr'>alterum</span> <span class='ocrx_word' id='word_1_182' title='bbox 1461 2007 1723 2070; x_wconf 77' lang='lat' dir='ltr'>dicto·</span> <span class='ocrx_word' id='word_1_183' title='bbox 1820 2004 2059 2079; x_wconf 88' lang='lat' dir='ltr'>„Haec</span> <span class='ocrx_word' id='word_1_184' title='bbox 2120 2005 2332 2088; x_wconf 89' lang='lat' dir='ltr'>igitur</span> <span class='ocrx_word' id='word_1_185' title='bbox 2379 2006 2471 2068; x_wconf 90' lang='lat' dir='ltr'>sit</span> <span class='ocrx_word' id='word_1_186' title='bbox 2529 2006 2751 2088; x_wconf 90' lang='lat' dir='ltr'>prima</span> <span class='ocrx_word' id='word_1_187' title='bbox 2813 2005 3127 2088; x_wconf 87' lang='lat' dir='ltr'>partitio:</span> <span class='ocrx_word' id='word_1_188' title='bbox 3193 2007 3380 2087; x_wconf 90' lang='lat' dir='ltr'>quod</span> <span class='ocrx_word' id='word_1_189' title='bbox 3439 2005 3669 2069; x_wconf 81' lang='lat' dir='ltr'>facete</span> <span class='ocrx_word' id='word_1_190' title='bbox 3716 2006 4003 2079; x_wconf 90' lang='lat' dir='ltr'>dicatur,</span> <span class='ocrx_word' id='word_1_191' title='bbox 4052 2006 4122 2068; x_wconf 87' lang='lat' dir='ltr'>id</span> <span class='ocrx_word' id='word_1_192' title='bbox 4169 2006 4339 2068; x_wconf 87' lang='lat' dir='ltr'>alias</span> 
     </span>
     <span class='ocr_line' id='line_1_17' title="bbox 716 2110 4337 2194; baseline 0 -19"><span class='ocrx_word' id='word_1_193' title='bbox 716 2115 784 2175; x_wconf 86' lang='lat' dir='ltr'>in</span> <span class='ocrx_word' id='word_1_194' title='bbox 837 2131 921 2175; x_wconf 89' lang='lat' dir='ltr'>re</span> <span class='ocrx_word' id='word_1_195' title='bbox 969 2115 1249 2183; x_wconf 68' lang='lat' dir='ltr'>hahere.</span> <span class='ocrx_word' id='word_1_196' title='bbox 1301 2115 1469 2175; x_wconf 87' lang='lat' dir='ltr'>alias</span> <span class='ocrx_word' id='word_1_197' title='bbox 1517 2115 1583 2175; x_wconf 89' lang='lat' dir='ltr'>in</span> <span class='ocrx_word' id='word_1_198' title='bbox 1630 2114 1910 2176; x_wconf 87' lang='lat' dir='ltr'>verbo</span> <span class='ocrx_word' id='word_1_199' title='bbox 1957 2110 2285 2186; x_wconf 85' lang='lat' dir='ltr'>facetias;</span> <span class='ocrx_word' id='word_1_200' title='bbox 2343 2113 2644 2176; x_wconf 82' lang='lat' dir='ltr'>maxime</span> <span class='ocrx_word' id='word_1_201' title='bbox 2690 2122 2924 2176; x_wconf 90' lang='lat' dir='ltr'>autem</span> <span class='ocrx_word' id='word_1_202' title='bbox 2969 2113 3283 2176; x_wconf 89' lang='lat' dir='ltr'>homines</span> <span class='ocrx_word' id='word_1_203' title='bbox 3332 2114 3680 2188; x_wconf 89' lang='lat' dir='ltr'>delectari,</span> <span class='ocrx_word' id='word_1_204' title='bbox 3729 2113 3787 2176; x_wconf 91' lang='lat' dir='ltr'>si</span> <span class='ocrx_word' id='word_1_205' title='bbox 3835 2114 4113 2194; x_wconf 88' lang='lat' dir='ltr'>quando</span> <span class='ocrx_word' id='word_1_206' title='bbox 4161 2114 4337 2176; x_wconf 92' lang='lat' dir='ltr'>risus</span> 
     </span>
     <span class='ocr_line' id='line_1_18' title="bbox 720 2219 2203 2304; baseline 0.001 -21"><span class='ocrx_word' id='word_1_207' title='bbox 720 2219 1081 2283; x_wconf 76' lang='lat' dir='ltr'>coniuncte</span> <span class='ocrx_word' id='word_1_208' title='bbox 1129 2243 1217 2283; x_wconf 80' lang='lat' dir='ltr'>re</span> <span class='ocrx_word' id='word_1_209' title='bbox 1269 2223 1728 2304; x_wconf 69' lang='lat' dir='ltr'>verboque</span> <span class='ocrx_word' id='word_1_210' title='bbox 1774 2229 2203 2285; x_wconf 88' lang='lat' dir='ltr'>moveatur.“</span> 
     </span>
    </p>

    <p class='ocr_par' dir='ltr' id='par_1_3' title="bbox 712 2324 4340 4869">
     <span class='ocr_line' id='line_1_19' title="bbox 1037 2324 4338 2411; baseline 0 -23"><span class='ocrx_word' id='word_1_211' title='bbox 1037 2327 1521 2407; x_wconf 68' lang='lat' dir='ltr'>Quaerendum</span> <span class='ocrx_word' id='word_1_212' title='bbox 1580 2328 1792 2411; x_wconf 91' lang='lat' dir='ltr'>igitur</span> <span class='ocrx_word' id='word_1_213' title='bbox 1845 2337 1955 2391; x_wconf 90' lang='lat' dir='ltr'>est</span> <span class='ocrx_word' id='word_1_214' title='bbox 2001 2328 2167 2409; x_wconf 88' lang='lat' dir='ltr'>quid</span> <span class='ocrx_word' id='word_1_215' title='bbox 2214 2326 2347 2391; x_wconf 90' lang='lat' dir='ltr'>sibi</span> <span class='ocrx_word' id='word_1_216' title='bbox 2394 2328 2560 2391; x_wconf 88' lang='lat' dir='ltr'>velit</span> <span class='ocrx_word' id='word_1_217' title='bbox 2605 2325 2765 2390; x_wconf 88' lang='lat' dir='ltr'>illud</span> <span class='ocrx_word' id='word_1_218' title='bbox 2815 2346 2962 2401; x_wconf 88' lang='lat' dir='ltr'>„re</span> <span class='ocrx_word' id='word_1_219' title='bbox 3008 2324 3361 2391; x_wconf 57' lang='lat' dir='ltr'>tractari‘ss</span> <span class='ocrx_word' id='word_1_220' title='bbox 3453 2326 3568 2391; x_wconf 89' lang='lat' dir='ltr'>Re</span> <span class='ocrx_word' id='word_1_221' title='bbox 3615 2337 3847 2392; x_wconf 89' lang='lat' dir='ltr'>autem</span> <span class='ocrx_word' id='word_1_222' title='bbox 3894 2338 4001 2391; x_wconf 91' lang='lat' dir='ltr'>est</span> <span class='ocrx_word' id='word_1_223' title='bbox 4046 2327 4338 2410; x_wconf 90' lang='lat' dir='ltr'>primum</span> 
     </span>
     <span class='ocr_line' id='line_1_20' title="bbox 716 2434 4335 2518; baseline 0 -23"><span class='ocrx_word' id='word_1_224' title='bbox 716 2435 780 2495; x_wconf 67' lang='lat' dir='ltr'>iel</span> <span class='ocrx_word' id='word_1_225' title='bbox 847 2435 1233 2507; x_wconf 71' lang='lat' dir='ltr'>ridiculum,</span> <span class='ocrx_word' id='word_1_226' title='bbox 1301 2435 1485 2515; x_wconf 81' lang='lat' dir='ltr'>quod</span> <span class='ocrx_word' id='word_1_227' title='bbox 1547 2454 1640 2496; x_wconf 90' lang='lat' dir='ltr'>ex</span> <span class='ocrx_word' id='word_1_228' title='bbox 1703 2434 2002 2516; x_wconf 88' lang='lat' dir='ltr'>quadam</span> <span class='ocrx_word' id='word_1_229' title='bbox 2062 2434 2446 2497; x_wconf 84' lang='lat' dir='ltr'>imitatione</span> <span class='ocrx_word' id='word_1_230' title='bbox 2509 2442 2580 2497; x_wconf 90' lang='lat' dir='ltr'>et</span> <span class='ocrx_word' id='word_1_231' title='bbox 2626 2434 2928 2497; x_wconf 83' lang='lat' dir='ltr'>maxime</span> <span class='ocrx_word' id='word_1_232' title='bbox 2974 2434 3252 2514; x_wconf 90' lang='lat' dir='ltr'>quidem</span> <span class='ocrx_word' id='word_1_233' title='bbox 3300 2454 3393 2497; x_wconf 91' lang='lat' dir='ltr'>ex</span> <span class='ocrx_word' id='word_1_234' title='bbox 3441 2435 3827 2518; x_wconf 87' lang='lat' dir='ltr'>depravata</span> <span class='ocrx_word' id='word_1_235' title='bbox 3874 2435 4048 2498; x_wconf 89' lang='lat' dir='ltr'>sumi</span> <span class='ocrx_word' id='word_1_236' title='bbox 4096 2434 4335 2508; x_wconf 92' lang='lat' dir='ltr'>soleat,</span> 
     </span>
     <span class='ocr_line' id='line_1_21' title="bbox 716 2539 4339 2623; baseline -0 -20"><span class='ocrx_word' id='word_1_237' title='bbox 716 2559 869 2603; x_wconf 83' lang='lat' dir='ltr'>oum</span> <span class='ocrx_word' id='word_1_238' title='bbox 921 2539 1101 2611; x_wconf 72' lang='lat' dir='ltr'>eius,</span> <span class='ocrx_word' id='word_1_239' title='bbox 1153 2543 1237 2603; x_wconf 83' lang='lat' dir='ltr'>de</span> <span class='ocrx_word' id='word_1_240' title='bbox 1285 2563 1425 2619; x_wconf 80' lang='lat' dir='ltr'>quo</span> <span class='ocrx_word' id='word_1_241' title='bbox 1473 2560 1744 2614; x_wconf 84' lang='lat' dir='ltr'>narreS,</span> <span class='ocrx_word' id='word_1_242' title='bbox 1791 2560 2055 2616; x_wconf 78' lang='lat' dir='ltr'>moreS,</span> <span class='ocrx_word' id='word_1_243' title='bbox 2105 2560 2368 2615; x_wconf 91' lang='lat' dir='ltr'>serm0‚</span> <span class='ocrx_word' id='word_1_244' title='bbox 2415 2559 2599 2613; x_wconf 87' lang='lat' dir='ltr'>vox,</span> <span class='ocrx_word' id='word_1_245' title='bbox 2655 2540 2921 2614; x_wconf 80' lang='lat' dir='ltr'>voltuS,</span> <span class='ocrx_word' id='word_1_246' title='bbox 2980 2549 3224 2623; x_wconf 89' lang='lat' dir='ltr'>gestus</span> <span class='ocrx_word' id='word_1_247' title='bbox 3273 2541 3782 2623; x_wconf 88' lang='lat' dir='ltr'>exprimuntur;</span> <span class='ocrx_word' id='word_1_248' title='bbox 3847 2561 4054 2622; x_wconf 92' lang='lat' dir='ltr'>quam</span> <span class='ocrx_word' id='word_1_249' title='bbox 4116 2540 4339 2604; x_wconf 89' lang='lat' dir='ltr'>imita·</span> 
     </span>
     <span class='ocr_line' id='line_1_22' title="bbox 716 2647 4338 2729; baseline -0.001 -18"><span class='ocrx_word' id='word_1_250' title='bbox 716 2647 1009 2719; x_wconf 72' lang='lat' dir='ltr'>tionem,</span> <span class='ocrx_word' id='word_1_251' title='bbox 1073 2647 1129 2707; x_wconf 88' lang='lat' dir='ltr'>si</span> <span class='ocrx_word' id='word_1_252' title='bbox 1193 2647 1401 2707; x_wconf 87' lang='lat' dir='ltr'>nimia</span> <span class='ocrx_word' id='word_1_253' title='bbox 1465 2647 1587 2718; x_wconf 87' lang='lat' dir='ltr'>sit,</span> <span class='ocrx_word' id='word_1_254' title='bbox 1649 2667 1804 2710; x_wconf 91' lang='lat' dir='ltr'>esse</span> <span class='ocrx_word' id='word_1_255' title='bbox 1845 2649 2205 2712; x_wconf 92' lang='lat' dir='ltr'>mimorum</span> <span class='ocrx_word' id='word_1_256' title='bbox 2253 2648 2419 2711; x_wconf 89' lang='lat' dir='ltr'>dicit</span> <span class='ocrx_word' id='word_1_257' title='bbox 2475 2657 2546 2710; x_wconf 92' lang='lat' dir='ltr'>et</span> <span class='ocrx_word' id='word_1_258' title='bbox 2602 2647 2862 2710; x_wconf 91' lang='lat' dir='ltr'>oratori</span> <span class='ocrx_word' id='word_1_259' title='bbox 2924 2665 3137 2729; x_wconf 89' lang='lat' dir='ltr'>parce</span> <span class='ocrx_word' id='word_1_260' title='bbox 3200 2647 3684 2710; x_wconf 89' lang='lat' dir='ltr'>adhibendam.</span> <span class='ocrx_word' id='word_1_261' title='bbox 3779 2648 3936 2711; x_wconf 93' lang='lat' dir='ltr'>Hoc</span> <span class='ocrx_word' id='word_1_262' title='bbox 3983 2648 4338 2710; x_wconf 89' lang='lat' dir='ltr'>ridiculum</span> 
     </span>
     <span class='ocr_line' id='line_1_23' title="bbox 716 2754 4335 2838; baseline 0.001 -23"><span class='ocrx_word' id='word_1_263' title='bbox 716 2755 925 2836; x_wconf 76' lang='lat' dir='ltr'>igitur</span> <span class='ocrx_word' id='word_1_264' title='bbox 977 2755 1049 2816; x_wconf 77' lang='lat' dir='ltr'>fit</span> <span class='ocrx_word' id='word_1_265' title='bbox 1097 2755 1229 2828; x_wconf 71' lang='lat' dir='ltr'>ita,</span> <span class='ocrx_word' id='word_1_266' title='bbox 1297 2767 1373 2816; x_wconf 91' lang='lat' dir='ltr'>ut</span> <span class='ocrx_word' id='word_1_267' title='bbox 1421 2763 1656 2819; x_wconf 91' lang='lat' dir='ltr'>orator</span> <span class='ocrx_word' id='word_1_268' title='bbox 1700 2776 1840 2819; x_wconf 90' lang='lat' dir='ltr'>non</span> <span class='ocrx_word' id='word_1_269' title='bbox 1887 2757 2122 2821; x_wconf 89' lang='lat' dir='ltr'>verbis</span> <span class='ocrx_word' id='word_1_270' title='bbox 2185 2756 2572 2829; x_wconf 91' lang='lat' dir='ltr'>describat,</span> <span class='ocrx_word' id='word_1_271' title='bbox 2636 2755 2761 2818; x_wconf 88' lang='lat' dir='ltr'>sed</span> <span class='ocrx_word' id='word_1_272' title='bbox 2807 2763 2928 2818; x_wconf 89' lang='lat' dir='ltr'>aut</span> <span class='ocrx_word' id='word_1_273' title='bbox 2976 2755 3081 2818; x_wconf 90' lang='lat' dir='ltr'>sui</span> <span class='ocrx_word' id='word_1_274' title='bbox 3130 2754 3441 2838; x_wconf 89' lang='lat' dir='ltr'>corporis</span> <span class='ocrx_word' id='word_1_275' title='bbox 3498 2763 3691 2818; x_wconf 88' lang='lat' dir='ltr'>motu</span> <span class='ocrx_word' id='word_1_276' title='bbox 3753 2765 4099 2838; x_wconf 90' lang='lat' dir='ltr'>gestuque</span> <span class='ocrx_word' id='word_1_277' title='bbox 4160 2774 4335 2829; x_wconf 88' lang='lat' dir='ltr'>eum,</span> 
     </span>
     <span class='ocr_line' id='line_1_24' title="bbox 716 2863 4340 2947; baseline 0 -23"><span class='ocrx_word' id='word_1_278' title='bbox 716 2864 909 2924; x_wconf 80' lang='lat' dir='ltr'>euius</span> <span class='ocrx_word' id='word_1_279' title='bbox 977 2864 1141 2924; x_wconf 73' lang='lat' dir='ltr'>vitia</span> <span class='ocrx_word' id='word_1_280' title='bbox 1205 2864 1597 2944; x_wconf 62' lang='lat' dir='ltr'>exprimere</span> <span class='ocrx_word' id='word_1_281' title='bbox 1660 2864 1825 2938; x_wconf 90' lang='lat' dir='ltr'>vult,</span> <span class='ocrx_word' id='word_1_282' title='bbox 1891 2865 2214 2940; x_wconf 87' lang='lat' dir='ltr'>imitetur,</span> <span class='ocrx_word' id='word_1_283' title='bbox 2277 2872 2401 2928; x_wconf 91' lang='lat' dir='ltr'>aut</span> <span class='ocrx_word' id='word_1_284' title='bbox 2458 2863 2593 2926; x_wconf 88' lang='lat' dir='ltr'>alio</span> <span class='ocrx_word' id='word_1_285' title='bbox 2649 2863 2950 2942; x_wconf 91' lang='lat' dir='ltr'>quodam</span> <span class='ocrx_word' id='word_1_286' title='bbox 2995 2863 3203 2926; x_wconf 88' lang='lat' dir='ltr'>modo</span> <span class='ocrx_word' id='word_1_287' title='bbox 3252 2863 3462 2942; x_wconf 87' lang='lat' dir='ltr'>(velut</span> <span class='ocrx_word' id='word_1_288' title='bbox 3506 2863 3809 2945; x_wconf 89' lang='lat' dir='ltr'>imagine</span> <span class='ocrx_word' id='word_1_289' title='bbox 3855 2863 4221 2947; x_wconf 88' lang='lat' dir='ltr'>proposita</span> <span class='ocrx_word' id='word_1_290' title='bbox 4268 2870 4340 2925; x_wconf 92' lang='lat' dir='ltr'>et</span> 
     </span>
     <span class='ocr_line' id='line_1_25' title="bbox 716 2968 4337 3053; baseline 0.001 -25"><span class='ocrx_word' id='word_1_291' title='bbox 716 2968 929 3032; x_wconf 82' lang='lat' dir='ltr'>oeulis</span> <span class='ocrx_word' id='word_1_292' title='bbox 993 2972 1325 3048; x_wconf 71' lang='lat' dir='ltr'>subiecta]</span> <span class='ocrx_word' id='word_1_293' title='bbox 1393 2972 1598 3032; x_wconf 85' lang='lat' dir='ltr'>risum</span> <span class='ocrx_word' id='word_1_294' title='bbox 1659 2980 1960 3033; x_wconf 89' lang='lat' dir='ltr'>moveat.</span> <span class='ocrx_word' id='word_1_295' title='bbox 2052 2969 2276 3034; x_wconf 92' lang='lat' dir='ltr'>Huius</span> <span class='ocrx_word' id='word_1_296' title='bbox 2337 2969 2774 3044; x_wconf 81' lang='lat' dir='ltr'>imitationiS,</span> <span class='ocrx_word' id='word_1_297' title='bbox 2831 2969 2964 3033; x_wconf 90' lang='lat' dir='ltr'>etsi</span> <span class='ocrx_word' id='word_1_298' title='bbox 3009 2969 3315 3033; x_wconf 88' lang='lat' dir='ltr'>oratoria</span> <span class='ocrx_word' id='word_1_299' title='bbox 3379 2989 3536 3033; x_wconf 92' lang='lat' dir='ltr'>esse</span> <span class='ocrx_word' id='word_1_300' title='bbox 3597 2980 3868 3053; x_wconf 89' lang='lat' dir='ltr'>potest,</span> <span class='ocrx_word' id='word_1_301' title='bbox 3932 2970 4001 3032; x_wconf 89' lang='lat' dir='ltr'>in</span> <span class='ocrx_word' id='word_1_302' title='bbox 4060 2968 4337 3052; x_wconf 88' lang='lat' dir='ltr'>scriptis</span> 
     </span>
     <span class='ocr_line' id='line_1_26' title="bbox 716 3075 4338 3160; baseline 0.001 -24"><span class='ocrx_word' id='word_1_303' title='bbox 716 3076 1145 3140; x_wconf 82' lang='lat' dir='ltr'>orationibus</span> <span class='ocrx_word' id='word_1_304' title='bbox 1209 3080 1599 3160; x_wconf 68' lang='lat' dir='ltr'>exemplum</span> <span class='ocrx_word' id='word_1_305' title='bbox 1664 3087 1909 3141; x_wconf 80' lang='lat' dir='ltr'>extare</span> <span class='ocrx_word' id='word_1_306' title='bbox 1967 3087 2087 3140; x_wconf 88' lang='lat' dir='ltr'>aut</span> <span class='ocrx_word' id='word_1_307' title='bbox 2135 3077 2466 3160; x_wconf 85' lang='lat' dir='ltr'>cognosci</span> <span class='ocrx_word' id='word_1_308' title='bbox 2514 3097 2652 3140; x_wconf 92' lang='lat' dir='ltr'>non</span> <span class='ocrx_word' id='word_1_309' title='bbox 2700 3085 2972 3159; x_wconf 86' lang='lat' dir='ltr'>potest;</span> <span class='ocrx_word' id='word_1_310' title='bbox 3037 3077 3276 3158; x_wconf 91' lang='lat' dir='ltr'>itaque</span> <span class='ocrx_word' id='word_1_311' title='bbox 3331 3096 3414 3139; x_wconf 97' lang='lat' dir='ltr'>ea</span> <span class='ocrx_word' id='word_1_312' title='bbox 3468 3077 3757 3150; x_wconf 90' lang='lat' dir='ltr'>omissa,</span> <span class='ocrx_word' id='word_1_313' title='bbox 3816 3095 3990 3157; x_wconf 86' lang='lat' dir='ltr'>quas</span> <span class='ocrx_word' id='word_1_314' title='bbox 4045 3075 4338 3139; x_wconf 87' lang='lat' dir='ltr'>facetias</span> 
     </span>
     <span class='ocr_line' id='line_1_27' title="bbox 716 3180 4338 3267; baseline 0.001 -23"><span class='ocrx_word' id='word_1_315' title='bbox 716 3180 957 3244; x_wconf 75' lang='lat' dir='ltr'>Cicero</span> <span class='ocrx_word' id='word_1_316' title='bbox 1013 3196 1293 3264; x_wconf 82' lang='lat' dir='ltr'>praeter</span> <span class='ocrx_word' id='word_1_317' title='bbox 1349 3204 1501 3248; x_wconf 85' lang='lat' dir='ltr'>eam</span> <span class='ocrx_word' id='word_1_318' title='bbox 1554 3184 1623 3247; x_wconf 89' lang='lat' dir='ltr'>in</span> <span class='ocrx_word' id='word_1_319' title='bbox 1668 3203 1746 3246; x_wconf 90' lang='lat' dir='ltr'>re</span> <span class='ocrx_word' id='word_1_320' title='bbox 1792 3184 2059 3267; x_wconf 87' lang='lat' dir='ltr'>positas</span> <span class='ocrx_word' id='word_1_321' title='bbox 2107 3203 2263 3248; x_wconf 89' lang='lat' dir='ltr'>esse</span> <span class='ocrx_word' id='word_1_322' title='bbox 2309 3183 2498 3246; x_wconf 89' lang='lat' dir='ltr'>dicat</span> <span class='ocrx_word' id='word_1_323' title='bbox 2543 3184 2930 3246; x_wconf 85' lang='lat' dir='ltr'>videamus!</span> <span class='ocrx_word' id='word_1_324' title='bbox 3002 3182 3314 3246; x_wconf 90' lang='lat' dir='ltr'>Pertinet</span> <span class='ocrx_word' id='word_1_325' title='bbox 3361 3182 3545 3246; x_wconf 89' lang='lat' dir='ltr'>enim</span> <span class='ocrx_word' id='word_1_326' title='bbox 3588 3184 3721 3246; x_wconf 88' lang='lat' dir='ltr'>huc</span> <span class='ocrx_word' id='word_1_327' title='bbox 3767 3183 3838 3246; x_wconf 93' lang='lat' dir='ltr'>id</span> <span class='ocrx_word' id='word_1_328' title='bbox 3884 3203 4106 3267; x_wconf 90' lang='lat' dir='ltr'>genus</span> <span class='ocrx_word' id='word_1_329' title='bbox 4151 3183 4338 3246; x_wconf 87' lang='lat' dir='ltr'>face-</span> 
     </span>
     <span class='ocr_line' id='line_1_28' title="bbox 716 3288 4337 3374; baseline 0.001 -26"><span class='ocrx_word' id='word_1_330' title='bbox 716 3288 961 3352; x_wconf 86' lang='lat' dir='ltr'>tiarum</span> <span class='ocrx_word' id='word_1_331' title='bbox 1013 3288 1157 3352; x_wconf 66' lang='lat' dir='ltr'>siva</span> <span class='ocrx_word' id='word_1_332' title='bbox 1209 3292 1497 3372; x_wconf 75' lang='lat' dir='ltr'>leporis,</span> <span class='ocrx_word' id='word_1_333' title='bbox 1546 3291 1733 3371; x_wconf 91' lang='lat' dir='ltr'>quod</span> <span class='ocrx_word' id='word_1_334' title='bbox 1792 3299 1902 3354; x_wconf 89' lang='lat' dir='ltr'>est</span> <span class='ocrx_word' id='word_1_335' title='bbox 1961 3289 2417 3373; x_wconf 88' lang='lat' dir='ltr'>aequabiliter</span> <span class='ocrx_word' id='word_1_336' title='bbox 2478 3291 2548 3354; x_wconf 92' lang='lat' dir='ltr'>in</span> <span class='ocrx_word' id='word_1_337' title='bbox 2613 3290 2797 3353; x_wconf 91' lang='lat' dir='ltr'>omni</span> <span class='ocrx_word' id='word_1_338' title='bbox 2860 3310 3176 3354; x_wconf 89' lang='lat' dir='ltr'>sermone</span> <span class='ocrx_word' id='word_1_339' title='bbox 3239 3290 3468 3353; x_wconf 89' lang='lat' dir='ltr'>fusum</span> <span class='ocrx_word' id='word_1_340' title='bbox 3532 3292 3894 3369; x_wconf 87' lang='lat' dir='ltr'>(cavillatio</span> <span class='ocrx_word' id='word_1_341' title='bbox 3916 3340 3930 3365; x_wconf 92' lang='lat'>,</span> <span class='ocrx_word' id='word_1_342' title='bbox 3995 3301 4337 3374; x_wconf 90' lang='lat' dir='ltr'>perpetua</span> 
     </span>
     <span class='ocr_line' id='line_1_29' title="bbox 716 3394 4337 3480; baseline 0.001 -24"><span class='ocrx_word' id='word_1_343' title='bbox 716 3394 1097 3464; x_wconf 68' lang='lat' dir='ltr'>festivitas,</span> <span class='ocrx_word' id='word_1_344' title='bbox 1161 3396 1457 3460; x_wconf 73' lang='lat' dir='ltr'>facetiae</span> <span class='ocrx_word' id='word_1_345' title='bbox 1521 3397 1800 3480; x_wconf 83' lang='lat' dir='ltr'>proprie</span> <span class='ocrx_word' id='word_1_346' title='bbox 1862 3397 2147 3479; x_wconf 87' lang='lat' dir='ltr'>dictae),</span> <span class='ocrx_word' id='word_1_347' title='bbox 2214 3417 2368 3460; x_wconf 89' lang='lat' dir='ltr'>cum</span> <span class='ocrx_word' id='word_1_348' title='bbox 2429 3398 2687 3479; x_wconf 90' lang='lat' dir='ltr'>aliquid</span> <span class='ocrx_word' id='word_1_349' title='bbox 2746 3408 3079 3478; x_wconf 90' lang='lat' dir='ltr'>tanquam</span> <span class='ocrx_word' id='word_1_350' title='bbox 3142 3397 3372 3479; x_wconf 92' lang='lat' dir='ltr'>aliqua</span> <span class='ocrx_word' id='word_1_351' title='bbox 3433 3397 3688 3461; x_wconf 84' lang='lat' dir='ltr'>fabella</span> <span class='ocrx_word' id='word_1_352' title='bbox 3758 3408 4108 3474; x_wconf 89' lang='lat' dir='ltr'>narratur,</span> <span class='ocrx_word' id='word_1_353' title='bbox 4188 3398 4337 3460; x_wconf 87' lang='lat' dir='ltr'>sive</span> 
     </span>
     <span class='ocr_line' id='line_1_30' title="bbox 712 3504 4337 3588; baseline 0.001 -24"><span class='ocrx_word' id='word_1_354' title='bbox 712 3504 933 3564; x_wconf 81' lang='lat' dir='ltr'>hahes</span> <span class='ocrx_word' id='word_1_355' title='bbox 1005 3524 1165 3564; x_wconf 64' lang='lat' dir='ltr'>rere</span> <span class='ocrx_word' id='word_1_356' title='bbox 1237 3508 1421 3584; x_wconf 79' lang='lat' dir='ltr'>quod</span> <span class='ocrx_word' id='word_1_357' title='bbox 1497 3524 1776 3568; x_wconf 83' lang='lat' dir='ltr'>narrare</span> <span class='ocrx_word' id='word_1_358' title='bbox 1845 3505 2104 3587; x_wconf 87' lang='lat' dir='ltr'>possis.</span> <span class='ocrx_word' id='word_1_359' title='bbox 2179 3506 2367 3586; x_wconf 91' lang='lat' dir='ltr'>quod</span> <span class='ocrx_word' id='word_1_360' title='bbox 2438 3514 2670 3567; x_wconf 89' lang='lat' dir='ltr'>tamen</span> <span class='ocrx_word' id='word_1_361' title='bbox 2732 3515 2841 3568; x_wconf 91' lang='lat' dir='ltr'>est</span> <span class='ocrx_word' id='word_1_362' title='bbox 2914 3504 3497 3568; x_wconf 88' lang='lat' dir='ltr'>mendaciunculis</span> <span class='ocrx_word' id='word_1_363' title='bbox 3566 3506 4116 3588; x_wconf 88' lang='lat' dir='ltr'>aspergendum,</span> <span class='ocrx_word' id='word_1_364' title='bbox 4188 3505 4337 3568; x_wconf 90' lang='lat' dir='ltr'>sive</span> 
     </span>
     <span class='ocr_line' id='line_1_31' title="bbox 716 3608 4338 3695; baseline 0.002 -27"><span class='ocrx_word' id='word_1_365' title='bbox 716 3608 953 3688; x_wconf 74' lang='lat' dir='ltr'>fingis:</span> <span class='ocrx_word' id='word_1_366' title='bbox 1029 3612 1509 3672; x_wconf 80' lang='lat' dir='ltr'>deseribuntur</span> <span class='ocrx_word' id='word_1_367' title='bbox 1569 3610 1780 3694; x_wconf 89' lang='lat' dir='ltr'>igitur</span> <span class='ocrx_word' id='word_1_368' title='bbox 1858 3611 2206 3675; x_wconf 88' lang='lat' dir='ltr'>hominum</span> <span class='ocrx_word' id='word_1_369' title='bbox 2281 3630 2511 3675; x_wconf 90' lang='lat' dir='ltr'>mores</span> <span class='ocrx_word' id='word_1_370' title='bbox 2588 3620 2660 3673; x_wconf 93' lang='lat' dir='ltr'>et</span> <span class='ocrx_word' id='word_1_371' title='bbox 2735 3610 2835 3674; x_wconf 91' lang='lat' dir='ltr'>ita</span> <span class='ocrx_word' id='word_1_372' title='bbox 2914 3609 3370 3695; x_wconf 89' lang='lat' dir='ltr'>effinguntur,</span> <span class='ocrx_word' id='word_1_373' title='bbox 3447 3621 3524 3675; x_wconf 92' lang='lat' dir='ltr'>ut</span> <span class='ocrx_word' id='word_1_374' title='bbox 3598 3632 3675 3675; x_wconf 90' lang='lat' dir='ltr'>re</span> <span class='ocrx_word' id='word_1_375' title='bbox 3751 3622 4033 3676; x_wconf 87' lang='lat' dir='ltr'>narrata</span> <span class='ocrx_word' id='word_1_376' title='bbox 4108 3613 4338 3694; x_wconf 90' lang='lat' dir='ltr'>aliqua</span> 
     </span>
     <span class='ocr_line' id='line_1_32' title="bbox 716 3716 4339 3803; baseline 0.002 -28"><span class='ocrx_word' id='word_1_377' title='bbox 716 3716 949 3796; x_wconf 82' lang='lat' dir='ltr'>quales</span> <span class='ocrx_word' id='word_1_378' title='bbox 1037 3716 1173 3780; x_wconf 91' lang='lat' dir='ltr'>sint</span> <span class='ocrx_word' id='word_1_379' title='bbox 1257 3720 1759 3800; x_wconf 59' lang='lat' dir='ltr'>intellig-autum</span> <span class='ocrx_word' id='word_1_380' title='bbox 1854 3739 2012 3781; x_wconf 89' lang='lat' dir='ltr'>nam</span> <span class='ocrx_word' id='word_1_381' title='bbox 2110 3737 2436 3794; x_wconf 87' lang='lat' dir='ltr'>„narrare</span> <span class='ocrx_word' id='word_1_382' title='bbox 2551 3738 2732 3800; x_wconf 87' lang='lat' dir='ltr'>quae</span> <span class='ocrx_word' id='word_1_383' title='bbox 2826 3718 3008 3782; x_wconf 89' lang='lat' dir='ltr'>salsa</span> <span class='ocrx_word' id='word_1_384' title='bbox 3098 3719 3238 3782; x_wconf 91' lang='lat' dir='ltr'>sint</span> <span class='ocrx_word' id='word_1_385' title='bbox 3326 3719 3635 3803; x_wconf 88' lang='lat' dir='ltr'>inprimis</span> <span class='ocrx_word' id='word_1_386' title='bbox 3728 3720 3978 3784; x_wconf 90' lang='lat' dir='ltr'>subtile</span> <span class='ocrx_word' id='word_1_387' title='bbox 4067 3727 4175 3782; x_wconf 89' lang='lat' dir='ltr'>est</span> <span class='ocrx_word' id='word_1_388' title='bbox 4266 3728 4339 3781; x_wconf 93' lang='lat' dir='ltr'>et</span> 
     </span>
     <span class='ocr_line' id='line_1_33' title="bbox 712 3822 4334 3909; baseline 0.001 -25"><span class='ocrx_word' id='word_1_389' title='bbox 712 3824 1129 3884; x_wconf 70' lang='lat' dir='ltr'>oratoriumss</span> <span class='ocrx_word' id='word_1_390' title='bbox 1213 3822 1445 3904; x_wconf 71' lang='lat' dir='ltr'>Quint.</span> <span class='ocrx_word' id='word_1_391' title='bbox 1521 3824 1651 3887; x_wconf 78' lang='lat' dir='ltr'>VI:</span> <span class='ocrx_word' id='word_1_392' title='bbox 1695 3846 1752 3904; x_wconf 87' lang='lat'>3.</span> <span class='ocrx_word' id='word_1_393' title='bbox 1829 3846 1931 3905; x_wconf 87' lang='lat'>39.</span> <span class='ocrx_word' id='word_1_394' title='bbox 2025 3826 2104 3889; x_wconf 91' lang='lat' dir='ltr'>In</span> <span class='ocrx_word' id='word_1_395' title='bbox 2165 3846 2241 3889; x_wconf 93' lang='lat' dir='ltr'>re</span> <span class='ocrx_word' id='word_1_396' title='bbox 2305 3836 2572 3900; x_wconf 88' lang='lat' dir='ltr'>autem,</span> <span class='ocrx_word' id='word_1_397' title='bbox 2636 3846 2776 3890; x_wconf 91' lang='lat' dir='ltr'>non</span> <span class='ocrx_word' id='word_1_398' title='bbox 2836 3827 2905 3889; x_wconf 91' lang='lat' dir='ltr'>in</span> <span class='ocrx_word' id='word_1_399' title='bbox 2967 3827 3201 3890; x_wconf 87' lang='lat' dir='ltr'>verbis</span> <span class='ocrx_word' id='word_1_400' title='bbox 3269 3826 3503 3909; x_wconf 92' lang='lat' dir='ltr'>posita</span> <span class='ocrx_word' id='word_1_401' title='bbox 3580 3837 3689 3890; x_wconf 90' lang='lat' dir='ltr'>est</span> <span class='ocrx_word' id='word_1_402' title='bbox 3757 3828 3940 3891; x_wconf 90' lang='lat' dir='ltr'>salsa</span> <span class='ocrx_word' id='word_1_403' title='bbox 4008 3824 4334 3900; x_wconf 88' lang='lat' dir='ltr'>narrati0,</span> 
     </span>
     <span class='ocr_line' id='line_1_34' title="bbox 716 3931 4336 4013; baseline 0.001 -21"><span class='ocrx_word' id='word_1_404' title='bbox 716 3932 1033 4008; x_wconf 78' lang='lat' dir='ltr'>quoniam</span> <span class='ocrx_word' id='word_1_405' title='bbox 1117 3932 1217 4004; x_wconf 70' lang='lat' dir='ltr'>id,</span> <span class='ocrx_word' id='word_1_406' title='bbox 1309 3932 1525 4012; x_wconf 74' lang='lat' dir='ltr'>quod,</span> <span class='ocrx_word' id='word_1_407' title='bbox 1614 3931 2138 4013; x_wconf 90' lang='lat' dir='ltr'>quibuscunque</span> <span class='ocrx_word' id='word_1_408' title='bbox 2222 3933 2457 3996; x_wconf 81' lang='lat' dir='ltr'>verbis</span> <span class='ocrx_word' id='word_1_409' title='bbox 2542 3934 2803 3997; x_wconf 87' lang='lat' dir='ltr'>dixeris</span> <span class='ocrx_word' id='word_1_410' title='bbox 2832 3983 2845 4009; x_wconf 93' lang='lat'>‚</span> <span class='ocrx_word' id='word_1_411' title='bbox 2931 3932 3234 3997; x_wconf 89' lang='lat' dir='ltr'>facetum</span> <span class='ocrx_word' id='word_1_412' title='bbox 3317 3944 3550 3997; x_wconf 90' lang='lat' dir='ltr'>tamen</span> <span class='ocrx_word' id='word_1_413' title='bbox 3634 3944 3743 3997; x_wconf 90' lang='lat' dir='ltr'>est</span> <span class='ocrx_word' id='word_1_414' title='bbox 3826 3952 3955 3996; x_wconf 88' lang='lat' dir='ltr'>nec</span> <span class='ocrx_word' id='word_1_415' title='bbox 4051 3932 4336 3996; x_wconf 90' lang='lat' dir='ltr'>mutatis</span> 
     </span>
     <span class='ocr_line' id='line_1_35' title="bbox 716 4036 4333 4122; baseline 0.002 -27"><span class='ocrx_word' id='word_1_416' title='bbox 716 4036 945 4096; x_wconf 66' lang='lat' dir='ltr'>verbis</span> <span class='ocrx_word' id='word_1_417' title='bbox 1053 4040 1261 4100; x_wconf 85' lang='lat' dir='ltr'>salem</span> <span class='ocrx_word' id='word_1_418' title='bbox 1365 4036 1648 4111; x_wconf 85' lang='lat' dir='ltr'>amittit,</span> <span class='ocrx_word' id='word_1_419' title='bbox 1758 4056 1835 4102; x_wconf 90' lang='lat' dir='ltr'>re</span> <span class='ocrx_word' id='word_1_420' title='bbox 1941 4038 2353 4102; x_wconf 89' lang='lat' dir='ltr'>continetur.</span> <span class='ocrx_word' id='word_1_421' title='bbox 2494 4039 2611 4102; x_wconf 91' lang='lat' dir='ltr'>Ad</span> <span class='ocrx_word' id='word_1_422' title='bbox 2714 4041 2849 4104; x_wconf 88' lang='lat' dir='ltr'>hoc</span> <span class='ocrx_word' id='word_1_423' title='bbox 2955 4059 3177 4122; x_wconf 91' lang='lat' dir='ltr'>genus</span> <span class='ocrx_word' id='word_1_424' title='bbox 3268 4040 3767 4104; x_wconf 89' lang='lat' dir='ltr'>adscribendae</span> <span class='ocrx_word' id='word_1_425' title='bbox 3874 4051 4036 4103; x_wconf 87' lang='lat' dir='ltr'>sunt</span> <span class='ocrx_word' id='word_1_426' title='bbox 4128 4041 4333 4104; x_wconf 91' lang='lat' dir='ltr'>etiam</span> 
     </span>
     <span class='ocr_line' id='line_1_36' title="bbox 712 4144 4334 4224; baseline 0.001 -20"><span class='ocrx_word' id='word_1_427' title='bbox 712 4144 1145 4204; x_wconf 82' lang='lat' dir='ltr'>narrationes</span> <span class='ocrx_word' id='word_1_428' title='bbox 1201 4148 1654 4224; x_wconf 76' lang='lat' dir='ltr'>apologorum</span> <span class='ocrx_word' id='word_1_429' title='bbox 1713 4155 1783 4207; x_wconf 87' lang='lat' dir='ltr'>et</span> <span class='ocrx_word' id='word_1_430' title='bbox 1845 4144 2245 4209; x_wconf 89' lang='lat' dir='ltr'>collationes</span> <span class='ocrx_word' id='word_1_431' title='bbox 2306 4156 2428 4209; x_wconf 89' lang='lat' dir='ltr'>aut</span> <span class='ocrx_word' id='word_1_432' title='bbox 2489 4167 2581 4210; x_wconf 92' lang='lat' dir='ltr'>ex</span> <span class='ocrx_word' id='word_1_433' title='bbox 2641 4147 2932 4210; x_wconf 88' lang='lat' dir='ltr'>historia</span> <span class='ocrx_word' id='word_1_434' title='bbox 2977 4158 3098 4210; x_wconf 90' lang='lat' dir='ltr'>aut</span> <span class='ocrx_word' id='word_1_435' title='bbox 3145 4166 3238 4210; x_wconf 91' lang='lat' dir='ltr'>ex</span> <span class='ocrx_word' id='word_1_436' title='bbox 3285 4146 3722 4211; x_wconf 90' lang='lat' dir='ltr'>similitudine</span> <span class='ocrx_word' id='word_1_437' title='bbox 3768 4157 4037 4211; x_wconf 88' lang='lat' dir='ltr'>tractae</span> <span class='ocrx_word' id='word_1_438' title='bbox 4085 4158 4156 4211; x_wconf 92' lang='lat' dir='ltr'>et</span> <span class='ocrx_word' id='word_1_439' title='bbox 4201 4146 4334 4220; x_wconf 88' lang='lat' dir='ltr'>illa,</span> 
     </span>
     <span class='ocr_line' id='line_1_37' title="bbox 716 4251 4332 4335; baseline 0.001 -24"><span class='ocrx_word' id='word_1_440' title='bbox 716 4272 893 4328; x_wconf 80' lang='lat' dir='ltr'>quae</span> <span class='ocrx_word' id='word_1_441' title='bbox 941 4252 1285 4312; x_wconf 80' lang='lat' dir='ltr'>minuendi</span> <span class='ocrx_word' id='word_1_442' title='bbox 1333 4264 1449 4312; x_wconf 87' lang='lat' dir='ltr'>aut</span> <span class='ocrx_word' id='word_1_443' title='bbox 1497 4251 1796 4335; x_wconf 89' lang='lat' dir='ltr'>augendi</span> <span class='ocrx_word' id='word_1_444' title='bbox 1843 4270 2055 4315; x_wconf 88' lang='lat' dir='ltr'>causa</span> <span class='ocrx_word' id='word_1_445' title='bbox 2102 4254 2190 4315; x_wconf 90' lang='lat' dir='ltr'>ad</span> <span class='ocrx_word' id='word_1_446' title='bbox 2237 4252 2703 4317; x_wconf 90' lang='lat' dir='ltr'>incredibilem</span> <span class='ocrx_word' id='word_1_447' title='bbox 2745 4253 3267 4317; x_wconf 88' lang='lat' dir='ltr'>admirationem</span> <span class='ocrx_word' id='word_1_448' title='bbox 3314 4251 3708 4326; x_wconf 89' lang='lat' dir='ltr'>efferuntur,</span> <span class='ocrx_word' id='word_1_449' title='bbox 3758 4261 3830 4315; x_wconf 91' lang='lat' dir='ltr'>et</span> <span class='ocrx_word' id='word_1_450' title='bbox 3861 4253 4332 4328; x_wconf 90' lang='lat' dir='ltr'>dissimulati0‚</span> 
     </span>
     <span class='ocr_line' id='line_1_38' title="bbox 716 4358 4332 4442; baseline 0.002 -26"><span class='ocrx_word' id='word_1_451' title='bbox 716 4376 865 4416; x_wconf 83' lang='lat' dir='ltr'>eum</span> <span class='ocrx_word' id='word_1_452' title='bbox 937 4368 1089 4420; x_wconf 86' lang='lat' dir='ltr'>tota</span> <span class='ocrx_word' id='word_1_453' title='bbox 1161 4360 1469 4420; x_wconf 84' lang='lat' dir='ltr'>oratione</span> <span class='ocrx_word' id='word_1_454' title='bbox 1541 4376 1783 4420; x_wconf 87' lang='lat' dir='ltr'>severe</span> <span class='ocrx_word' id='word_1_455' title='bbox 1852 4358 2048 4432; x_wconf 91' lang='lat' dir='ltr'>ludis,</span> <span class='ocrx_word' id='word_1_456' title='bbox 2122 4380 2276 4423; x_wconf 92' lang='lat' dir='ltr'>cum</span> <span class='ocrx_word' id='word_1_457' title='bbox 2338 4359 2538 4424; x_wconf 91' lang='lat' dir='ltr'>aliter</span> <span class='ocrx_word' id='word_1_458' title='bbox 2600 4361 2815 4425; x_wconf 88' lang='lat' dir='ltr'>sentis</span> <span class='ocrx_word' id='word_1_459' title='bbox 2878 4380 2960 4425; x_wconf 88' lang='lat' dir='ltr'>ac</span> <span class='ocrx_word' id='word_1_460' title='bbox 3022 4360 3323 4442; x_wconf 91' lang='lat' dir='ltr'>loqueris</span> <span class='ocrx_word' id='word_1_461' title='bbox 3384 4367 3504 4422; x_wconf 90' lang='lat' dir='ltr'>aut</span> <span class='ocrx_word' id='word_1_462' title='bbox 3569 4379 3722 4422; x_wconf 91' lang='lat' dir='ltr'>cum</span> <span class='ocrx_word' id='word_1_463' title='bbox 3768 4360 4066 4423; x_wconf 90' lang='lat' dir='ltr'>honesto</span> <span class='ocrx_word' id='word_1_464' title='bbox 4114 4362 4332 4423; x_wconf 90' lang='lat' dir='ltr'>verbo</span> 
     </span>
     <span class='ocr_line' id='line_1_39' title="bbox 716 4464 4333 4552; baseline 0.001 -28"><span class='ocrx_word' id='word_1_465' title='bbox 716 4464 965 4528; x_wconf 67' lang='lat' dir='ltr'>vitiosa</span> <span class='ocrx_word' id='word_1_466' title='bbox 1013 4484 1121 4524; x_wconf 87' lang='lat' dir='ltr'>res</span> <span class='ocrx_word' id='word_1_467' title='bbox 1169 4464 1553 4544; x_wconf 75' lang='lat' dir='ltr'>appellatur</span> <span class='ocrx_word' id='word_1_468' title='bbox 1599 4473 1719 4527; x_wconf 91' lang='lat' dir='ltr'>aut</span> <span class='ocrx_word' id='word_1_469' title='bbox 1765 4484 1858 4527; x_wconf 91' lang='lat' dir='ltr'>ex</span> <span class='ocrx_word' id='word_1_470' title='bbox 1905 4465 2188 4529; x_wconf 88' lang='lat' dir='ltr'>alterius</span> <span class='ocrx_word' id='word_1_471' title='bbox 2235 4467 2550 4531; x_wconf 89' lang='lat' dir='ltr'>oratione</span> <span class='ocrx_word' id='word_1_472' title='bbox 2598 4467 2779 4530; x_wconf 88' lang='lat' dir='ltr'>aliud</span> <span class='ocrx_word' id='word_1_473' title='bbox 2814 4467 3083 4552; x_wconf 88' lang='lat' dir='ltr'>excipis</span> <span class='ocrx_word' id='word_1_474' title='bbox 3124 4477 3337 4549; x_wconf 90' lang='lat' dir='ltr'>atque</span> <span class='ocrx_word' id='word_1_475' title='bbox 3368 4466 3478 4529; x_wconf 90' lang='lat' dir='ltr'>ille</span> <span class='ocrx_word' id='word_1_476' title='bbox 3509 4467 3675 4538; x_wconf 87' lang='lat' dir='ltr'>volt,</span> <span class='ocrx_word' id='word_1_477' title='bbox 3724 4476 3844 4528; x_wconf 91' lang='lat' dir='ltr'>aut</span> <span class='ocrx_word' id='word_1_478' title='bbox 3890 4484 4031 4528; x_wconf 90' lang='lat' dir='ltr'>non</span> <span class='ocrx_word' id='word_1_479' title='bbox 4074 4467 4333 4530; x_wconf 87' lang='lat' dir='ltr'>videris</span> 
     </span>
     <span class='ocr_line' id='line_1_40' title="bbox 712 4569 4334 4658; baseline 0.001 -26"><span class='ocrx_word' id='word_1_480' title='bbox 712 4572 1097 4652; x_wconf 77' lang='lat' dir='ltr'>intelligere</span> <span class='ocrx_word' id='word_1_481' title='bbox 1145 4572 1330 4652; x_wconf 77' lang='lat' dir='ltr'>quod</span> <span class='ocrx_word' id='word_1_482' title='bbox 1381 4569 1719 4654; x_wconf 80' lang='lat' dir='ltr'>intelligas</span> <span class='ocrx_word' id='word_1_483' title='bbox 1765 4580 1836 4632; x_wconf 91' lang='lat' dir='ltr'>et</span> <span class='ocrx_word' id='word_1_484' title='bbox 1884 4572 2081 4651; x_wconf 88' lang='lat' dir='ltr'>quasi</span> <span class='ocrx_word' id='word_1_485' title='bbox 2129 4592 2256 4655; x_wconf 92' lang='lat' dir='ltr'>per</span> <span class='ocrx_word' id='word_1_486' title='bbox 2289 4574 2899 4637; x_wconf 88' lang='lat' dir='ltr'>dissimulationem</span> <span class='ocrx_word' id='word_1_487' title='bbox 2946 4575 3107 4653; x_wconf 88' lang='lat' dir='ltr'>&lt;non</span> <span class='ocrx_word' id='word_1_488' title='bbox 3150 4574 3594 4658; x_wconf 87' lang='lat' dir='ltr'>intelligendi)</span> <span class='ocrx_word' id='word_1_489' title='bbox 3643 4573 4078 4637; x_wconf 88' lang='lat' dir='ltr'>subabsurde</span> <span class='ocrx_word' id='word_1_490' title='bbox 4124 4575 4334 4638; x_wconf 85' lang='lat' dir='ltr'>salse·</span> 
     </span>
     <span class='ocr_line' id='line_1_41' title="bbox 716 4676 4331 4764; baseline 0.001 -27"><span class='ocrx_word' id='word_1_491' title='bbox 716 4696 849 4756; x_wconf 84' lang='lat' dir='ltr'>que</span> <span class='ocrx_word' id='word_1_492' title='bbox 897 4676 1085 4740; x_wconf 77' lang='lat' dir='ltr'>[li-eis.</span> <span class='ocrx_word' id='word_1_493' title='bbox 1185 4676 1578 4756; x_wconf 75' lang='lat' dir='ltr'>Sequuntur</span> <span class='ocrx_word' id='word_1_494' title='bbox 1608 4676 1928 4740; x_wconf 88' lang='lat' dir='ltr'>nonnulla</span> <span class='ocrx_word' id='word_1_495' title='bbox 1959 4677 2261 4751; x_wconf 90' lang='lat' dir='ltr'>ridicula,</span> <span class='ocrx_word' id='word_1_496' title='bbox 2312 4698 2493 4758; x_wconf 85' lang='lat' dir='ltr'>quae</span> <span class='ocrx_word' id='word_1_497' title='bbox 2525 4700 2567 4741; x_wconf 91' lang='lat' dir='ltr'>a</span> <span class='ocrx_word' id='word_1_498' title='bbox 2602 4678 2934 4743; x_wconf 89' lang='lat' dir='ltr'>Cicerone</span> <span class='ocrx_word' id='word_1_499' title='bbox 2982 4682 3317 4764; x_wconf 88' lang='lat' dir='ltr'>exemplis</span> <span class='ocrx_word' id='word_1_500' title='bbox 3364 4679 3586 4762; x_wconf 90' lang='lat' dir='ltr'>magis</span> <span class='ocrx_word' id='word_1_501' title='bbox 3632 4679 4076 4754; x_wconf 89' lang='lat' dir='ltr'>illustrantur,</span> <span class='ocrx_word' id='word_1_502' title='bbox 4127 4700 4331 4761; x_wconf 89' lang='lat' dir='ltr'>quam</span> 
     </span>
     <span class='ocr_line' id='line_1_42' title="bbox 712 4780 4334 4869; baseline 0.003 -29"><span class='ocrx_word' id='word_1_503' title='bbox 712 4780 1109 4844; x_wconf 80' lang='lat' dir='ltr'>definitione</span> <span class='ocrx_word' id='word_1_504' title='bbox 1181 4784 1634 4868; x_wconf 61' lang='lat' dir='ltr'>explicantur,</span> <span class='ocrx_word' id='word_1_505' title='bbox 1705 4784 1831 4847; x_wconf 90' lang='lat' dir='ltr'>sed</span> <span class='ocrx_word' id='word_1_506' title='bbox 1899 4784 2074 4846; x_wconf 87' lang='lat' dir='ltr'>haec</span> <span class='ocrx_word' id='word_1_507' title='bbox 2144 4793 2286 4846; x_wconf 92' lang='lat' dir='ltr'>tam</span> <span class='ocrx_word' id='word_1_508' title='bbox 2348 4785 2723 4867; x_wconf 89' lang='lat' dir='ltr'>singularia</span> <span class='ocrx_word' id='word_1_509' title='bbox 2785 4795 2966 4862; x_wconf 90' lang='lat' dir='ltr'>sunt,</span> <span class='ocrx_word' id='word_1_510' title='bbox 3036 4798 3113 4851; x_wconf 92' lang='lat' dir='ltr'>ut</span> <span class='ocrx_word' id='word_1_511' title='bbox 3173 4789 3243 4851; x_wconf 92' lang='lat' dir='ltr'>in</span> <span class='ocrx_word' id='word_1_512' title='bbox 3305 4796 3495 4849; x_wconf 90' lang='lat' dir='ltr'>certa</span> <span class='ocrx_word' id='word_1_513' title='bbox 3556 4806 3820 4869; x_wconf 89' lang='lat' dir='ltr'>genera</span> <span class='ocrx_word' id='word_1_514' title='bbox 3867 4786 4146 4851; x_wconf 90' lang='lat' dir='ltr'>discribi</span> <span class='ocrx_word' id='word_1_515' title='bbox 4194 4807 4334 4850; x_wconf 93' lang='lat' dir='ltr'>non</span> 
     </span>
    </p>
   </div>
   <div class='ocr_carea' id='block_1_3' title="bbox 712 4888 4333 5056">
    <p class='ocr_par' dir='ltr' id='par_1_4' title="bbox 712 4888 4333 5056">
     <span class='ocr_line' id='line_1_43' title="bbox 712 4888 4333 4976; baseline 0.003 -28"><span class='ocrx_word' id='word_1_516' title='bbox 712 4888 1001 4968; x_wconf 77' lang='lat' dir='ltr'>possint.</span> <span class='ocrx_word' id='word_1_517' title='bbox 1097 4888 1341 4972; x_wconf 78' lang='lat' dir='ltr'>Itaque</span> <span class='ocrx_word' id='word_1_518' title='bbox 1393 4892 1629 4953; x_wconf 74' lang='lat' dir='ltr'>Cicero</span> <span class='ocrx_word' id='word_1_519' title='bbox 1676 4889 1966 4953; x_wconf 84' lang='lat' dir='ltr'>facetias</span> <span class='ocrx_word' id='word_1_520' title='bbox 2015 4910 2155 4963; x_wconf 88' lang='lat' dir='ltr'>eas,</span> <span class='ocrx_word' id='word_1_521' title='bbox 2205 4909 2387 4972; x_wconf 89' lang='lat' dir='ltr'>quae</span> <span class='ocrx_word' id='word_1_522' title='bbox 2432 4902 2593 4955; x_wconf 90' lang='lat' dir='ltr'>sunt</span> <span class='ocrx_word' id='word_1_523' title='bbox 2639 4893 2723 4955; x_wconf 92' lang='lat' dir='ltr'>in</span> <span class='ocrx_word' id='word_1_524' title='bbox 2770 4914 2863 4956; x_wconf 90' lang='lat' dir='ltr'>re</span> <span class='ocrx_word' id='word_1_525' title='bbox 2909 4902 2997 4957; x_wconf 91' lang='lat' dir='ltr'>et</span> <span class='ocrx_word' id='word_1_526' title='bbox 3042 4894 3545 4970; x_wconf 86' lang='lat' dir='ltr'>sententia,</span> <span class='ocrx_word' id='word_1_527' title='bbox 3594 4895 3703 4958; x_wconf 90' lang='lat' dir='ltr'>his</span> <span class='ocrx_word' id='word_1_528' title='bbox 3749 4893 4123 4976; x_wconf 90' lang='lat' dir='ltr'>generibus</span> <span class='ocrx_word' id='word_1_529' title='bbox 4171 4914 4333 4958; x_wconf 89' lang='lat' dir='ltr'>con-</span> 
     </span>
     <span class='ocr_line' id='line_1_44' title="bbox 712 4996 1161 5056; baseline 0.009 -4"><span class='ocrx_word' id='word_1_530' title='bbox 712 4996 913 5056; x_wconf 79' lang='lat' dir='ltr'>tineri</span> <span class='ocrx_word' id='word_1_531' title='bbox 961 4996 1161 5056; x_wconf 73' lang='lat' dir='ltr'>dicit:</span> 
     </span>
    </p>
   </div>
   <div class='ocr_carea' id='block_1_4' title="bbox 4661 2918 4683 2954">
    <p class='ocr_par' dir='ltr' id='par_1_5' title="bbox 4661 2918 4683 2954">
     <span class='ocr_line' id='line_1_45' title="bbox 4661 2918 4683 2954; textangle 90"><span class='ocrx_word' id='word_1_532' title='bbox 4661 2918 4683 2954; x_wconf 66' lang='lat'>1</span> 
     </span>
    </p>
   </div>
   <div class='ocr_carea' id='block_1_5' title="bbox 4681 1499 4683 5575">
    <p class='ocr_par' dir='ltr' id='par_1_6' title="bbox 4681 1499 4683 5575">
     <span class='ocr_line' id='line_1_46' title="bbox 4681 1499 4683 5575; baseline 0 0"><span class='ocrx_word' id='word_1_533' title='bbox 4681 1499 4683 5575; x_wconf 95' lang='lat' dir='ltr'> </span> 
     </span>
    </p>
   </div>
  </div>
 </body>
</html>
