4717 5575
971 259 1169 321 ..9..

327 493 361 554 p.
385 471 501 536 Planc.
527 493 566 552 33
599 471 643 536 de
666 472 848 556 praeconis
872 469 992 536 Granii
1023 471 1258 556 asperioribus
1288 472 1441 548 facetiis,
1474 474 1598 556 quibus
1629 492 1736 557 saepe
1768 469 1975 538 clarissimos

168 577 261 639 viros
284 579 500 661 perstrinxit.

328 683 426 748 Haec
449 686 523 750 fere
545 696 635 760 sunt,
661 706 751 767 quae
774 706 821 749 ex
844 686 960 769 priore
982 685 1186 748 facetiarum
1209 706 1339 768 genere
1355 707 1402 750 ex
1419 686 1593 750 Ciceronis
1613 688 1827 751 orationibus
1844 687 1975 769 possim

165 790 310 865 afferre3
334 793 369 855 in
391 793 532 874 reliquis
556 794 771 856 orationibus
794 793 875 857 nihil
900 792 1067 876 ejusmodi
1091 791 1217 856 inveni.
1242 829 1285 838 —-
1308 792 1421 856 Venio
1445 814 1535 856 nunc
1558 794 1602 856 ad

1044 1026 1090 1097 B.

168 1218 312 1281 alterum
328 1237 450 1299 genuS,
468 1219 561 1299 quod
577 1218 700 1280 dictis
717 1217 805 1280 sive
821 1218 1038 1280 verborum
1061 1220 1218 1283 salibus
1235 1220 1447 1292 continetur;
1472 1220 1506 1283 in
1528 1220 1652 1300 quibus
1674 1219 1891 1302 exponendis
1907 1239 1977 1282 non

166 1335 378 1408 temporum,
404 1326 528 1406 quibus
553 1326 893 1406 orationes-habitae
916 1335 1012 1400 sunt,
1038 1335 1222 1409 utsupra,
1246 1328 1433 1399 rationem,
1458 1328 1519 1390 sed
1544 1336 1710 1407 quantum
1734 1325 1806 1390 fieri
1838 1325 1976 1409 poterit,

167 1453 244 1495 eam
268 1453 371 1515 quam
396 1431 516 1496 Cicero
539 1434 615 1515 ipse
638 1433 822 1516 proposuit
844 1432 1100 1496 distinctionem
1124 1444 1230 1514 atque
1253 1435 1344 1496 intra
1366 1433 1501 1516 singula
1528 1455 1659 1516 genera
1691 1435 1861 1497 rationem
1893 1447 1978 1496 tem·

167 1559 291 1621 porum
325 1559 468 1621 sequar:
504 1540 538 1602 id
570 1541 664 1621 quod
695 1551 777 1603 ante
807 1539 975 1602 ducentos
1006 1559 1116 1601 annos
1146 1538 1327 1603 Vavassor
1365 1541 1429 1616 „de
1460 1540 1589 1603 ludicra
1621 1540 1792 1603 dictione“
1826 1542 1979 1603 nondum

168 1645 299 1708 factum
329 1647 536 1719 mirabatur,
564 1666 629 1708 nec
652 1655 768 1709 tamen
792 1646 868 1729 ipse
891 1645 991 1720 fecit,
1025 1656 1063 1710 ut
1094 1648 1292 1729 praeceptis
1325 1643 1557 1709 Ciceronianis
1588 1646 1774 1727 subjiceret
1806 1645 1977 1728 exempla,

168 1773 238 1816 non
269 1753 421 1826 aliunde,
454 1753 742 1833 quemadmodum
767 1752 887 1817 Cicero
918 1753 994 1835 ipse
1025 1752 1125 1826 fecit,
1149 1753 1212 1814 sed
1236 1771 1282 1816 ex
1306 1752 1380 1815 eius
1404 1752 1619 1815 orationibus
1642 1753 1762 1834 petita.
1809 1751 1979 1814 Attamen

167 1879 238 1922 non
262 1859 427 1933 omnium,
452 1879 542 1941 quae
565 1879 672 1943 supra
694 1861 811 1935 attuli,
842 1879 1010 1943 generum
1033 1858 1195 1940 exempla
1219 1867 1343 1922 extant
1366 1859 1401 1921 in
1424 1857 1655 1930 orationibus;
1692 1877 1771 1920 nam
1806 1858 1977 1937 quaedam

170 1966 339 2028 dictorum
361 1985 501 2048 genera,
527 1986 725 2049 quanquam
748 1978 828 2031 sunt
852 1966 1020 2039 oratoria,
1045 1948 1159 2029 tamen
1184 1974 1308 2028 natura
1331 1964 1415 2040 fert,
1439 1974 1478 2027 ut
1500 1965 1612 2047 magis
1636 1965 1670 2027 in
1694 1962 1919 2026 altercatione
1943 1972 1979 2025 et

169 2072 205 2134 in
226 2073 500 2155 interrogatione
527 2075 668 2136 testium
696 2073 926 2137 adhibeantur
957 2092 1060 2154 quam
1091 2073 1125 2135 in
1156 2071 1368 2154 longioribus
1401 2072 1632 2144 orationibus,
1665 2072 1709 2133 de
1740 2069 1865 2152 quibus
1897 2069 1978 2132 solis

171 2197 260 2241 nunc
282 2198 360 2262 ago

569 2364 596 2443 1)
626 2359 803 2443 Ambigua
826 2360 901 2423 sive
924 2379 1000 2422 cum
1024 2357 1236 2440 amphibolia
1259 2357 1352 2421 dicta
1375 2368 1456 2420 sunt
1478 2357 1583 2420 haec:

328 2521 363 2584 p.
388 2499 504 2583 Quint.
534 2522 589 2564 11:
620 2499 703 2565 Sex.
729 2501 899 2575 Naevius,
924 2521 1069 2583 praec0,
1100 2499 1157 2581 qui
1182 2518 1258 2561 cum
1283 2499 1313 2561 ei
1337 2508 1461 2562 natura
1484 2497 1565 2561 nihil
1589 2498 1708 2560 melius
1732 2517 1835 2578 quam
1857 2517 1978 2560 vocem

171 2606 340 2682 dedisset,
365 2627 487 2670 vocem
510 2607 545 2672 in
568 2618 750 2689 quaestum
773 2608 926 2672 contulit.
973 2608 1006 2670 Is
1031 2607 1089 2688 qui
1119 2626 1240 2668 vocem
1269 2605 1426 2668 venalem
1458 2606 1647 2676 habuerat,
1679 2624 1738 2678 ea,
1771 2624 1861 2685 quae
1892 2623 1979 2665 voce

170 2714 400 2793 quaesiverat,
424 2735 553 2798 magno
577 2715 644 2778 sibi
668 2715 828 2797 quaestui
850 2714 926 2778 fore
950 2714 1108 2798 putabat.
1154 2712 1278 2795 Itaque
1301 2711 1441 2774 hercule
1464 2712 1558 2774 haud
1581 2710 1801 2773 mediocriter
1824 2712 1868 2773 de
1888 2729 1980 2772 com·

170 2820 273 2894 muni,
298 2820 464 2901 quidquid
487 2832 636 2904 poterat,
661 2825 707 2888 ad
729 2843 768 2886 se
791 2824 826 2885 in
849 2823 1023 2905 privatam
1047 2823 1186 2884 domum
1209 2820 1470 2882 sevocabat.

330 2947 364 3009 p.
381 2926 488 2993 Rosc.
507 2949 566 3010 57:
591 2929 759 2993 Litteram
781 2930 872 2993 illam
888 2931 958 3011 (K),
983 2928 1038 2991 cui
1061 2947 1125 2990 vos
1148 2947 1260 3007 usque
1283 2945 1326 2989 eo
1349 2925 1475 2988 inimici
1499 2925 1593 2997 estis,
1617 2933 1656 2986 ut
1678 2923 1783 2985 etiam
1798 2922 1979 2987 Kalendas

170 3052 289 3096 omnes
320 3036 480 3111 oderitiS,
505 3074 548 3083 -
571 3075 615 3084 —
638 3038 684 3100 ad
715 3046 820 3121 caput
848 3035 1013 3118 adfigent.
1037 3035 1083 3097 ib.
1110 3038 1162 3096 80.
1186 3033 1358 3097 nescimus
1381 3051 1445 3115 per
1468 3033 1536 3095 ista
1559 3042 1718 3113 tempora
1742 3031 1883 3093 eosdem
1905 3029 1980 3093 iere

171 3151 376 3204 sectores
407 3142 514 3205 fuisse
545 3144 764 3207 collorum
793 3154 836 3206 et
864 3142 1100 3207 bonorum?
1147 3139 1298 3219 (Schnitt
1319 3141 1483 3222 gemacht
1506 3159 1550 3201 an
1574 3138 1706 3200 Hdlsen
1729 3139 1799 3199 und
1823 3135 1979 3219 Girtern.)

329 3249 375 3311 ib.
405 3268 482 3311 roo:
507 3251 621 3312 habeo
645 3251 749 3314 etiam
773 3250 906 3325 dicere,
930 3269 1033 3331 quem
1057 3258 1179 3311 contra
1202 3268 1333 3311 morem
1361 3247 1527 3309 maiorum
1555 3245 1722 3307 minorem
1749 3244 1847 3307 annis
1879 3264 1981 3307 sexa·

169 3353 268 3436 ginta
292 3355 343 3417 de
368 3365 506 3438 ponte
530 3357 565 3419 in
588 3356 740 3421 Tiberim
764 3356 998 3440 dejecerit.

329 3460 467 3545 Duplici
493 3463 614 3542 „nudi“
641 3462 893 3546 significatione
916 3464 1023 3526 utitur
1046 3463 1080 3525 in
1103 3460 1203 3525 Verr.
1228 3461 1270 3535 H,
1300 3481 1377 3539 154:
1406 3458 1524 3521 fornix
1548 3458 1582 3521 in
1605 3455 1682 3519 foro
1706 3453 1891 3538 Syracusis
1915 3467 1980 3530 est,

169 3567 204 3629 in
228 3586 297 3647 quo
321 3569 432 3630 nudus
455 3567 542 3631 filius
567 3579 655 3632 stat:
680 3570 756 3653 ipse
779 3580 896 3633 autem
919 3589 966 3633 ex
991 3589 1080 3650 equo
1105 3569 1270 3631 nudatam
1294 3569 1339 3629 ab
1363 3587 1402 3629 se
1425 3565 1639 3649 provinciam
1654 3563 1833 3646 prospicit,
1858 3562 1901 3626 cf.
1919 3563 1979 3627 IV.

176 3694 251 3751 143:
277 3673 311 3735 in
336 3693 405 3754 qua
428 3675 523 3736 curia
547 3686 662 3739 statua
686 3688 745 3739 tua
768 3679 887 3740 stabat
911 3687 946 3739 et
968 3677 1061 3739 nuda
1084 3674 1159 3749 filii,
1185 3675 1219 3738 in
1243 3695 1285 3737 ea
1308 3693 1409 3737 nemo
1433 3673 1514 3747 fuit,
1550 3692 1652 3755 quem
1675 3691 1719 3734 ne
1742 3671 1883 3734 nudus
1908 3671 1982 3751 qui·

170 3781 249 3843 dem
280 3780 367 3844 filius
398 3781 432 3844 in
463 3784 631 3846 nudata
660 3783 840 3867 provincia
871 3785 1127 3847 commoveret?
1155 3802 1189 3864 p.
1214 3780 1327 3843 Flacc.
1353 3801 1406 3857 51·
1431 3799 1534 3860 quem
1556 3786 1595 3841 tu
1619 3814 1661 3824 -
1687 3813 1724 3822 ·-
1753 3813 1793 3823 -
1818 3776 1981 3857 quoniam

170 3896 207 3948 te
236 3889 377 3951 nudus
408 3889 614 3964 delectaret,
650 3909 789 3972 semper
818 3890 977 3953 nudum
1008 3908 1085 3952 esse
1117 3888 1255 3951 voluisti
1287 3890 1334 3964 (et
1364 3886 1511 3949 avaritia
1542 3894 1577 3949 et
1607 3883 1821 3967 impudicitia
1850 3885 1980 3966 probro

171 3997 294 4077 datur).
339 3998 464 4079 Aeque
502 4002 647 4079 „purus“
681 3998 716 4060 in
743 3997 842 4061 Verr.
870 3996 931 4061 IV.
962 4017 1003 4077 49
1038 3996 1201 4079 ambigue
1231 3994 1377 4057 dictum:
1410 4002 1593 4074 argentum
1625 3990 1834 4071 Eupolemus
1858 3988 1980 4070 (Verri)

170 4123 323 4185 purum
347 4105 431 4183 (sine
455 4106 680 4187 emblematis)
704 4117 926 4189 apposuerat,
951 4125 995 4168 ne
1018 4123 1154 4187 purus
1178 4103 1254 4186 ipse
1277 4100 1541 4180 relinqueretur3

331 4207 430 4272 Verr.
465 4210 506 4274 H.
544 4232 595 4291 54.
650 4212 834 4293 Nunquam
868 4231 933 4273 vos
967 4220 1166 4294 praetorem
1201 4219 1273 4272 tam
1306 4205 1544 4290 palaestritam
1581 4204 1728 4267 vidistis.
1776 4202 1906 4265 Verum
1932 4202 1981 4264 ita

174 4314 390 4392 palaestritas
414 4316 635 4393 defendebat,
660 4332 698 4383 ut
722 4323 768 4384 ab
791 4320 853 4382 illis
876 4320 953 4401 ipse
976 4317 1157 4381 unctior
1179 4314 1307 4390 abiret;
1342 4316 1393 4392 64.
1420 4313 1524 4374 homo
1548 4331 1617 4375 non
1641 4311 1771 4374 alienus
1794 4330 1816 4372 a
1839 4309 1979 4373 litteris:

173 4417 291 4499 itaque
313 4442 354 4486 eo
377 4427 445 4489 iste
468 4425 647 4490 tabellario
671 4446 808 4509 semper
830 4446 914 4489 usus
938 4435 1002 4489 est.
1034 4425 1141 4503 (iocus
1172 4442 1193 4485 e
1223 4420 1349 4504 duplici
1381 4418 1634 4502 significatione
1664 4417 1761 4480 vocis
1791 4416 1981 4479 litterarum

173 4557 215 4578 =
240 4526 339 4590 Brief
359 4543 393 4595 et
418 4532 696 4615 Wissenschaft).

330 4635 372 4700 Π.
403 4659 479 4719 170:
513 4640 590 4705 Hoc
622 4651 698 4704 erat
729 4640 834 4704 etiam
857 4640 1105 4721 capitalior
1126 4636 1380 4720 (pemiciosior3
1404 4644 1511 4717 caput
1534 4663 1577 4687 =
1602 4630 1748 4714 Capital)
1773 4630 1867 4712 quod
1890 4630 1981 4693 idem

172 4744 334 4823 pecunias
358 4747 411 4810 his
435 4785 479 4794 —
503 4784 545 4795 --
569 4748 701 4813 faenori
726 4750 844 4812 dabat.

328 4853 387 4917 111.
414 4858 473 4934 84:
505 4854 551 4917 A.
582 4853 764 4918 Valentius
802 4864 857 4917 est
890 4854 926 4918 in
957 4852 1072 4919 Sicilia
1106 4853 1355 4935 interpres,
1403 4869 1472 4931 quo
1506 4846 1573 4909 iste
1608 4846 1797 4927 interprete
1831 4863 1901 4907 non
1936 4843 1981 4905 ad

170 4954 321 5037 linguam
346 4957 528 5034 Graecam,
553 4962 616 5023 sed
639 4962 685 5025 ad
707 4961 800 5026 furta
823 4971 858 5024 et
882 4959 1015 5045 flagitia
1038 4960 1089 5023 uti
1112 4958 1257 5022 solebat.

1769 5058 1787 5110 2
