4717 5575
1009 245 1231 306 -15-

218 469 348 538 „mater
378 467 415 519 te
446 457 603 539 appello“
630 478 676 521 ex
699 457 841 521 Pacuvii
865 458 987 531 Ilione.
1011 459 1105 538 quod
1130 457 1268 540 Appius
1292 458 1407 520 subito
1431 477 1626 539 exsurgens
1650 476 1696 519 ex
1720 456 1846 519 tabulis
1870 457 2023 520 dicturus

215 566 399 629 videbatur
422 566 519 645 (126).

375 691 408 754 p.
435 671 526 734 Cael.
556 670 604 734 18.
634 670 782 734 Medeae
806 672 983 735 Ennianae
1006 672 1181 735 versibus:
1207 670 1391 735 Utinamne
1414 668 1449 732 in
1471 689 1612 732 nemore
1634 670 1729 733 Pelio
1754 681 1819 733 etc.
1844 670 2024 752 conqueri·

214 789 270 841 tur
295 776 464 850 Caelium,
497 779 669 841 conducta
693 778 727 841 in
750 779 884 842 Palatio
909 780 1023 851 domo,
1056 787 1201 861 propter
1233 777 1444 841 vicinitatem
1475 796 1497 838 a
1528 775 1649 840 Clodia
1674 777 1851 855 „Palatina
1874 779 2020 840 Medea“

214 884 398 966 pellectum
429 904 524 957 esse,
565 889 617 963 36.
649 884 802 966 ejusdem
834 886 1051 948 mulierculae
1081 885 1256 948 minimum
1291 883 1432 947 fratrem
1465 883 1597 945 comico
1629 884 1778 964 quodam
1811 904 1914 947 versu
1945 904 2021 946 cum

215 1010 336 1053 sorore
360 990 452 1073 loqui
482 990 583 1064 lacit,
619 1012 670 1071 37.
694 993 811 1054 verbis
837 991 1038 1055 Caecilianis
1062 1012 1213 1075 persona
1236 991 1346 1074 patris
1369 991 1473 1052 modo
1498 991 1711 1052 vehementis
1736 1001 1771 1052 et
1795 990 1887 1061 duri.
1918 993 2022 1054 modo

214 1098 299 1161 lenis
323 1108 359 1161 et
382 1098 559 1162 clementis
583 1110 722 1182 sumpta
746 1098 897 1162 Caelium
921 1110 1066 1182 propter
1088 1099 1316 1162 meretriciam
1341 1098 1443 1159 istam
1466 1097 1677 1160 vicinitatem
1700 1097 1819 1178 jocose
1849 1096 2021 1180 objurgat.

374 1205 409 1266 in
432 1205 500 1267 Pis.
527 1208 578 1268 61.
604 1207 793 1270 consularis
820 1207 1127 1269 administrationis
1158 1207 1311 1267 rationes
1342 1204 1415 1266 eius
1446 1204 1533 1266 scite
1563 1215 1598 1267 et
1629 1204 1781 1267 litterate
1811 1204 2023 1287 perscriptas

215 1311 374 1374 Plautino
406 1312 556 1375 carmine
587 1323 706 1375 notat:
739 1315 848 1391 „ratio
879 1314 1017 1396 quidem
1048 1313 1163 1375 hercle
1187 1322 1345 1395 apparet,
1370 1304 1552 1392 argentum
1576 1307 1731 1387 oi'xerrot‘.
1756 1311 1851 1392 quod
1874 1311 2022 1374 scribam

218 1428 320 1501 caput
343 1418 483 1481 sinistra
505 1440 608 1482 manu
631 1420 875 1503 perfricantem
899 1429 1224 1484 commurmuratum
1248 1437 1326 1481 esse
1353 1417 1445 1480 dicit.

374 1524 460 1589 Phil.
484 1526 526 1589 Π.
553 1530 604 1605 65.
641 1526 826 1607 (Antonius
857 1528 892 1590 in
925 1527 985 1590 Cn.
1015 1527 1160 1609 Pompei
1195 1527 1315 1609 copias
1348 1546 1424 1587 curn
1456 1544 1493 1588 se
1523 1524 1792 1606 ingurgitasset‚
1823 1525 2023 1589 exsultabat

212 1632 344 1715 gaudio
367 1651 519 1714 persona
542 1632 586 1694 de
609 1633 730 1707 mimo,
754 1635 858 1696 modo
882 1654 1009 1716 egens,
1041 1644 1185 1716 repente
1209 1633 1317 1696 dives.
1364 1630 1453 1709 Sed,
1484 1642 1523 1695 ut
1546 1643 1599 1694 est
1623 1633 1716 1714 apud
1739 1641 1881 1714 poetam
1904 1634 2022 1696 nescio

213 1759 318 1820 quem
343 1740 451 1818 „male
474 1749 577 1821 parta
599 1740 687 1801 male
711 1740 927 1803 dilabuntur“
954 1750 1019 1804 etc.
1072 1761 1151 1818 104:
1188 1741 1242 1817 (de
1266 1738 1434 1802 Varronis
1457 1737 1564 1801 fundo
1588 1741 1634 1801 ab
1658 1738 1814 1801 Antonio
1838 1744 2023 1820 occupato)

217 1865 259 1924 „o
284 1855 379 1908 tecta
401 1845 527 1908 misera
551 1865 655 1926 quam
679 1847 808 1929 dispari
832 1846 1004 1911 domino“.

374 1951 471 2015 XIII.
496 1975 548 2032 49.
587 1953 705 2032 „Prius
737 1953 837 2017 undis
868 1953 1023 2029 flamma,
1064 1976 1165 2037 quarn
1206 1965 1266 2018 aut
1304 1974 1381 2017 cum
1420 1953 1583 2016 Antoniis
1621 1952 1817 2034 respublica
1852 1964 1911 2014 aut
1945 1973 2021 2015 cum

214 2058 390 2141 republica
412 2058 558 2123 Antonii
583 2061 726 2124 redeant
749 2060 784 2123 in
806 2063 988 2142 gratiam“.

987 2244 1017 2322 5)
1059 2240 1251 2303 Proverbia

213 2400 235 2442 a
258 2379 424 2445 Cicerone
448 2382 481 2445 in
506 2382 596 2444 idem
619 2400 730 2463 genus
754 2380 946 2445 coiciuntur
968 2403 1009 2446 ac
1033 2404 1172 2457 versus,
1203 2383 1277 2446 sine
1300 2381 1406 2444 dubio
1430 2381 1511 2463 quia
1535 2400 1670 2453 eorum,
1700 2381 1863 2460 quoniam
1895 2380 2022 2461 aliquid

213 2488 349 2551 aliunde
371 2500 492 2552 notum
508 2487 667 2563 afferunt,
692 2489 843 2551 audienti
860 2489 1008 2553 iucunda
1024 2501 1077 2554 est
1094 2489 1387 2553 commemoratio.
1435 2486 1533 2569 Quae
1549 2489 1616 2550 huc
1632 2487 1809 2569 pertinent
1824 2497 1904 2550 sunt
1919 2488 2021 2550 haec:

374 2614 408 2675 p.
431 2595 539 2659 Rosc.
565 2596 643 2658 Am.
669 2600 721 2658 80.
745 2596 884 2669 videris
909 2595 1022 2672 Eruci,
1047 2618 1116 2660 una
1138 2599 1298 2661 mercede
1322 2599 1409 2659 duas
1431 2615 1487 2658 res
1511 2594 1650 2676 assequi
1674 2594 1771 2657 velle.

373 2700 408 2765 in
424 2700 523 2766 Verr.
540 2702 565 2765 I.
585 2723 636 2782 53.
654 2702 878 2775 citharistam,
903 2705 948 2766 de
972 2724 1040 2785 quo
1064 2724 1172 2787 saepe
1195 2704 1339 2767 audistis
1363 2703 1397 2765 id
1422 2703 1515 2783 quod
1539 2711 1593 2764 est
1605 2697 1749 2764 Graecis
1772 2702 1967 2766 hominibus
1988 2703 2022 2765 in

216 2809 413 2889 proverbIO,
431 2829 532 2889 quem
548 2811 662 2874 omnia
677 2811 768 2874 intus
786 2831 912 2874 canere
928 2812 1100 2887 dicebant,
1119 2812 1257 2876 sustulit
1273 2810 1378 2892 (quod
1401 2811 1624 2891 proverbium
1647 2828 1692 2872 ne
1715 2809 1859 2873 Asconii
1884 2811 2021 2892 quidem

214 2912 502 2996 interpretatione
532 2917 616 2979 satis
647 2917 771 2999 liquet,
803 2922 866 2982 sed
896 2919 987 2982 idem
1018 2921 1122 2982 etiam
1153 2919 1197 2982 de
1229 2918 1295 3001 leg.
1327 2937 1401 3002 agr.
1432 2917 1474 2980 H.
1508 2920 1567 2979 68:
1602 2917 1688 2995 „hoc
1713 2935 1850 2980 carmen
1873 2918 1929 2980 hic
1952 2937 2022 2981 non

214 3020 333 3095 vobiS‚
357 3022 419 3085 sed
442 3022 508 3085 sibi
531 3023 622 3086 intus
646 3024 759 3087 canit“
785 3024 828 3087 de
852 3045 895 3087 eo
919 3035 1121 3108 usurpatur,
1152 3026 1211 3107 qui
1235 3025 1308 3107 agit
1331 3024 1475 3107 aliquid,
1508 3024 1603 3087 cuius
1632 3023 1760 3087 utilitas
1783 3026 1828 3086 ad
1851 3023 2021 3087 neminem

213 3125 314 3190 alium
338 3138 477 3211 praeter
500 3130 612 3212 ipsum
636 3131 838 3213 perveniat).

372 3235 472 3299 Verr.
503 3235 563 3299 IV.
601 3258 655 3301 12:
694 3238 878 3316 „Profecto
908 3238 988 3302 hinc
1019 3239 1051 3318 (i.
1084 3260 1113 3303 e.
1138 3237 1258 3301 Verris
1283 3224 1448 3302 'simulata
1479 3238 1640 3318 emtione)
1670 3246 1789 3300 natum
1820 3248 1891 3300 est:
1930 3238 2021 3301 malo

212 3360 327 3405 emere
351 3363 454 3424 quam
477 3347 636 3426 rogare.“

371 3471 404 3533 p.
430 3450 542 3515 Flacc.
567 3454 627 3529 46:
655 3450 742 3529 „Hic
765 3452 881 3516 hercle
904 3453 1032 3516 cornici
1055 3452 1200 3527 oculum,
1225 3462 1264 3515 ut
1286 3452 1430 3515 dicitur“
1456 3463 1492 3515 et
1514 3474 1548 3535 p.
1574 3451 1662 3515 Mur.
1678 3471 1735 3532 25:
1762 3450 1844 3529 „Cn
1870 3450 2020 3527 Flavius,

212 3556 271 3635 qui
294 3557 468 3620 cornicum
492 3557 610 3621 oculos
634 3556 837 3621 confixerit“
864 3557 907 3622 cf.
933 3557 1047 3624 Schol.
1072 3558 1161 3621 Bob.
1187 3560 1233 3622 ad
1256 3558 1368 3622 Flacc.

371 3663 456 3726 Phil.
480 3664 578 3727 XIII.
604 3685 655 3745 27.
680 3665 760 3728 illud
783 3685 921 3742 verum,
954 3667 1047 3749 quod
1071 3666 1104 3729 in
1128 3667 1196 3730 hoc
1219 3667 1348 3729 Planco
1372 3665 1548 3748 proverbii
1571 3666 1647 3728 loco
1672 3666 1737 3728 dici
1769 3665 1874 3739 solet,
1907 3666 2021 3748 perire

212 3790 288 3832 eum
311 3791 381 3834 non
406 3791 520 3852 posse,
545 3772 610 3834 nisi
634 3774 664 3835 ei
689 3793 789 3836 crura
812 3772 924 3837 fracta
947 3783 1075 3836 essent.
1122 3772 1250 3836 Fracta
1273 3784 1353 3836 sunt
1377 3785 1412 3836 et
1435 3773 1531 3836 vivit.

699 3952 730 4029 6)
753 3949 959 4033 Exemplum
983 3951 1148 4014 elusmodi
1172 3960 1212 4013 ut
1234 3971 1290 4014 res
1314 3952 1359 4013 ad
1382 3954 1537 4027 verbum,

211 4105 281 4149 non
306 4088 352 4148 ad
374 4090 578 4153 sententiam
602 4090 800 4173 accipiatur,
825 4092 950 4154 nullum
975 4092 1106 4167 inveni,
1139 4092 1203 4156 nisi
1228 4093 1398 4173 quaedam
1422 4093 1585 4175 ambigue
1609 4093 1702 4157 dicta
1724 4095 1791 4157 huc
1815 4093 2019 4159 referuntur.

873 4273 902 4352 7)
926 4270 1123 4336 Immutatio
1148 4273 1358 4356 (Allegorie).

369 4407 469 4473 Verr.
501 4409 561 4474 IV.
596 4432 624 4491 7.
660 4411 801 4493 (Verres
839 4415 987 4497 signum)
1031 4416 1157 4479 nullum
1188 4415 1324 4497 reliquit
1355 4426 1495 4499 praeter
1524 4434 1629 4478 unum
1660 4425 1824 4499 pervetus
1857 4412 2018 4495 ligneum,

210 4510 345 4575 Bonam
369 4512 567 4593 Fortunam,
592 4528 630 4581 ut
654 4519 794 4603 opinor;
819 4541 896 4583 eam
919 4522 986 4584 iste
1008 4523 1139 4585 habere
1163 4522 1256 4584 domi
1280 4541 1364 4585 suae
1386 4521 1504 4585 noluit.

371 4620 416 4683 ib.
440 4635 476 4686 at
498 4646 568 4689 non
592 4628 791 4707 requirebat
815 4628 869 4691 ille
890 4627 1024 4711 Cupido
1048 4628 1180 4692 lenonis
1205 4629 1343 4691 domum
1359 4648 1400 4691 ac
1416 4630 1645 4693 meretriciam
1662 4625 1893 4709 disciplinam:
1918 4628 2019 4693 facile

210 4728 264 4791 illo
287 4729 442 4793 sacrario
465 4734 579 4812 patrio
603 4735 855 4798 continebatur.

369 4857 402 4920 p.
434 4838 525 4900 dom.
564 4859 632 4903 110.
664 4843 707 4904 de
731 4843 900 4906 libertate.
947 4844 1034 4907 Eam
1066 4854 1103 4907 tu
1135 4845 1227 4907 domi
1259 4863 1357 4907 meae
1388 4844 1581 4915 collocasti.
1614 4863 1716 4925 quarn
1749 4863 1796 4907 ex
1827 4848 1913 4910 urbe
1944 4856 2018 4909 tota

209 4941 398 5005 sustulisti?
528 4946 529 4949 ’
