4717 5575
2323 313 2712 375 ..8-

705 534 832 613 (82)
897 543 968 595 et
1029 531 1602 613 quemadmodum
1663 528 1941 611 Appius
2003 526 2327 592 Claudius
2390 536 2704 609 praetor,
2770 547 2924 589 cum
2979 527 3233 590 cotidie
3278 525 3703 610 gladiatores
3751 532 4140 607 spectaret,
4191 529 4319 591 sub

704 639 975 703 tabulas
1023 637 1450 720 subrepserit
1496 647 1567 700 et
1613 637 1843 700 subito
1895 635 2268 709 emerserit,
2319 644 2396 699 ut
2443 635 2857 698 latebrosior
2902 634 3014 697 illa
3058 634 3173 697 via
3219 633 3459 716 Appia
3503 633 3640 696 iam
3688 643 4060 696 vocaretur
4107 635 4319 716 (126);

704 748 1001 829 denique
1057 767 1178 809 110
1227 743 1518 809 Gellium
1564 743 1989 825 Poplicolam
2036 743 2387 806 describit.
2480 741 2833 805 Vatinium
2885 742 3302 824 „hominem,
3366 751 3442 804 ut
3489 739 3761 804 Seneca
3817 741 4021 814 dicit,
4083 752 4321 805 natum

709 864 773 919 ct
837 855 925 915 ad
989 854 1196 915 risum
1259 862 1330 915 et
1382 853 1472 914 ad
1535 850 1829 923 odium“,
1892 869 2032 911 non
2094 850 2314 912 solum
2375 849 2443 912 in
2506 847 2830 913 Sestiana
2900 868 3016 929 135
3081 858 3371 932 propter
3433 848 3746 930 corporis
3809 847 4320 912 deformitatem

705 975 773 1023 et
825 975 1153 1023 strumam
1197 960 1455 1033 irridet,
1506 979 1659 1023 cum
1706 979 1859 1021 eum
1913 959 2415 1041 „gladiatorum
2463 976 2740 1020 suorum
2787 956 3014 1040 ipsum
3059 956 3588 1039 pulcherrimum
3634 954 3887 1018 fuisse“
3931 965 4004 1018 et
4050 965 4320 1039 pestem

705 1071 997 1147 aliquam
1049 1079 1376 1147 tanquam
1425 1075 1755 1128 strumam
1801 1064 2220 1147 reipublicae
2267 1065 2733 1127 exsecandam
2779 1063 2964 1136 dicit,

1025 1175 1145 1235 sed
1195 1173 1403 1236 etiam
1456 1172 1526 1234 in
1572 1169 1734 1233 Vat.
1787 1192 1826 1248 4
1888 1191 2041 1233 cum
2105 1180 2431 1252 serpente
2494 1179 2854 1256 comparat
2913 1167 3154 1233 inflato
3218 1169 3391 1232 collo
3413 1217 3428 1244 ,
3492 1170 3772 1233 tumidis
3833 1170 4214 1234 cervicibus
4276 1188 4315 1232 e

705 1283 1001 1343 latibulis
1053 1287 1577 1359 prorumpent&
1643 1278 1849 1339 etiam
1908 1298 1984 1339 10
2035 1277 2209 1354 „ista
2257 1297 2436 1358 quae
2481 1275 2723 1339 inflata
2771 1286 2929 1340 sunt
2976 1280 3421 1359 rumpantur“
3475 1277 3879 1340 scholiastes
3924 1278 4012 1340 de
4063 1276 4315 1355 „cervi-

705 1391 897 1451 cibus
969 1407 1149 1467 quae
1215 1383 1653 1446 immodicum
1722 1382 1974 1447 fuerint
2044 1384 2529 1465 corpulentae“
2622 1385 3148 1466 interpretatur,
3236 1384 3533 1464 denique
3610 1405 3690 1463 39
3769 1385 3924 1446 ioco
4003 1384 4318 1464 quamvis

705 1495 957 1575 frigido
1005 1507 1145 1555 tarn
1188 1491 1483 1554 invisum
1530 1510 1686 1554 esse
1733 1490 1919 1565 dicit,
1969 1502 2044 1554 ut
2096 1500 2439 1569 „strumae
2486 1492 2578 1553 ab
2626 1510 2747 1553 ore
2792 1491 3113 1573 improbo
3161 1492 3700 1573 demigraverim
3747 1502 3817 1554 et
3863 1490 4012 1553 aliis
4058 1491 4196 1553 iam
4244 1510 4320 1552 se

705 1603 869 1663 lucis·
921 1599 1470 1663 collocaverint&

1025 1707 1101 1767 [n
1149 1725 1243 1768 or.
1295 1725 1361 1787 p.
1399 1702 1582 1767 Cael.
1631 1703 2144 1767 adolescentem
2187 1704 2392 1778 illum,
2451 1724 2655 1785 quem
2701 1714 3069 1768 accusator
3115 1705 3525 1788 pulchellum
3558 1705 3884 1785 Jasonem
3926 1705 4318 1788 appellave-

705 1831 829 1891 rat,
881 1815 1342 1895 conqueritur,
1393 1814 1580 1894 quod
1625 1813 2038 1895 migratione
2085 1813 2175 1874 ad
2205 1811 2547 1874 Palatium
2593 1812 2858 1875 vicinus
2905 1825 3118 1894 atque
3160 1813 3419 1876 amicus
3453 1811 3756 1886 Clodiae,
3805 1812 4100 1876 Medeae
4145 1811 4317 1874 illius

705 1927 1085 1995 Palatinae.
1153 1923 1377 1987 factus
1426 1921 1550 1994 sit,
1615 1920 1932 1985 versibus
1980 1939 2074 1982 ex
2120 1919 2375 1982 Medea
2421 1919 2735 1982 Enniana
2782 1919 3023 1984 allatis.
3119 1921 3431 1983 Eandem
3478 1919 3785 1983 Clodiam
3834 1930 3911 1982 ut
3973 1920 4316 2002 obiurget,

705 2033 997 2111 aliquem
1061 2031 1149 2091 ab
1212 2027 1448 2091 inferis
1512 2027 1777 2091 excitat
1839 2046 1930 2089 ex
1989 2026 2302 2088 barbatis
2349 2025 2474 2088 illis
2527 2046 2704 2104 „non
2750 2027 2881 2089 hac
2927 2026 3252 2100 barbula,
3318 2046 3458 2107 qua
3516 2027 3652 2089 ista
3712 2025 4129 2100 delectatur,
4194 2027 4320 2089 sed

701 2143 809 2203 illa
857 2139 1165 2211 horrida,
1222 2155 1428 2217 quam
1483 2135 1551 2197 in
1599 2134 1847 2197 statuis
1894 2132 2195 2213 antiquis
2244 2143 2456 2214 atque
2501 2133 2916 2216 imaginibus
2963 2134 3338 2207 videmus“‚
3389 2133 3688 2197 Caecum
3734 2133 3918 2196 illum
3964 2153 4057 2196 ex
4102 2134 4319 2215 ipsius

701 2247 973 2311 familia.
1025 2243 1137 2323 qui
1191 2242 1576 2321 „minimum
1624 2241 1929 2303 dolorem
1978 2239 2229 2321 capiat,
2280 2240 2467 2319 quod
2514 2239 2717 2302 istam
2752 2237 3061 2304 Clodiam
3108 2260 3246 2303 non
3292 2241 3568 2303 videat“
3617 2241 3767 2321 (33),
3816 2249 3962 2302 tum
4006 2250 4321 2303 removet

701 2355 881 2415 illum
933 2371 1161 2411 senem
1211 2349 1452 2411 durum
1499 2367 1582 2410 ac
1629 2366 1854 2429 paene
1902 2356 2272 2427 agrestem,
2322 2357 2393 2409 et
2439 2345 2726 2410 fratrem
2773 2347 2941 2411 facit
2987 2347 3282 2429 colloqui
3329 2369 3485 2411 cum
3532 2368 3634 2421 ea,
3682 2368 3770 2410 ne
3804 2347 4057 2422 Caelio,
4106 2368 4149 2411 a
4179 2368 4318 2429 quo

705 2471 1089 2539 respuatur,
1137 2456 1427 2519 molesta
1473 2455 1583 2517 sit.
1679 2451 1982 2516 Caelium
2030 2454 2327 2534 denique
2373 2454 2441 2516 in
2474 2452 2842 2518 Caeciliani
2889 2454 3173 2518 alicuius
3219 2455 3439 2539 patris
3487 2474 3788 2537 persona
3819 2455 4134 2538 increpat
4165 2456 4222 2535 (3
4236 2459 4316 2538 7).

705 2567 957 2627 Narrat
1017 2563 1256 2637 etiam,
1322 2561 1902 2643 quemadmodum
1949 2558 2502 2641 Quadrantariae
2554 2561 2752 2623 istius
2810 2562 3110 2625 mulieris
3169 2563 3368 2626 amici
3415 2564 3505 2625 ad
3552 2562 3888 2626 Licinium
3935 2563 4319 2646 deprehen-

705 2675 997 2735 dendum
1061 2671 1125 2731 in
1189 2668 1455 2732 balneis
1519 2667 1946 2740 delituerint,
2010 2676 2084 2729 et
2146 2666 2419 2748 quaerit
2484 2667 2851 2745 „alveusne
2912 2668 3021 2732 ille
3082 2690 3171 2732 an
3233 2689 3453 2750 equus
3507 2669 3847 2750 Trojanus
3906 2669 4136 2744 fuerit,
4202 2672 4319 2752 qui

705 2791 803 2843 tut
853 2779 1125 2839 invidus
1177 2776 1358 2840 viros
1405 2774 1736 2839 muliebre
1780 2774 2032 2838 bellum
2077 2783 2406 2857 gerentes
2453 2774 2685 2838 tulerit
2734 2785 2806 2839 et
2843 2777 3141 2842 texerit“
3167 2826 3181 2853 ,
3247 2798 3539 2860 cumque
3584 2777 3885 2840 Licinius
3947 2777 4015 2840 in
4077 2776 4317 2860 fugam

705 2907 777 2947 se
825 2883 1252 2957 coniecisset,
1299 2881 1487 2945 mimi
1530 2880 1714 2944 illum
1761 2881 2025 2944 exitum
2071 2879 2284 2942 fuisse
2332 2880 2517 2956 dicit,
2565 2901 2705 2945 non
2749 2882 3045 2947 fabulae.

1021 2991 1097 3055 In
1145 2989 1515 3053 Planciana
1566 3008 1642 3068 75
1693 2997 1769 3052 ut
1817 2988 2069 3051 doceat
2117 3007 2219 3061 ea,
2269 3007 2450 3068 quae
2495 2988 2565 3050 in
2612 2989 2983 3070 provinciis
3029 2988 3199 3053 fiant
3218 3040 3232 3065 ‚
3291 2991 3413 3054 vix
3459 2992 3734 3055 Romae
3779 2992 4034 3066 audiri,
4081 3001 4319 3055 narrat

705 3123 777 3163 se
841 3099 1145 3163 Puteolis
1206 3117 1430 3180 paene
1492 3096 1908 3169 concidisse,
1969 3115 2124 3159 cum
2185 3097 2532 3159 decedens
2594 3097 2953 3178 provincia
3012 3098 3487 3181 interrogatus
3550 3110 3771 3173 esset,
3833 3118 3994 3162 num
4043 3098 4318 3163 Romae

705 3211 1021 3288 quidnam
1077 3205 1233 3268 novi
1282 3213 1503 3278 esset,
1568 3213 1639 3267 et
1686 3207 1722 3265 8
1733 3226 1767 3284 3
1818 3203 2045 3287 lepide
2091 3222 2209 3278 ea,
2275 3222 2454 3283 quae
2511 3205 2602 3266 ab
2648 3214 3058 3267 accusatore
3103 3205 3172 3267 in
3219 3206 3784 3270 consuetudinem
3831 3205 4317 3269 miserabilium

705 3316 1129 3396 εη,ιὶ1-ι;.;·ι.·ιτυιίπ
1178 3331 1375 3373 suam
1421 3319 1760 3393 congesta
1807 3311 1963 3385 sint,
2011 3310 2292 3375 refutat.

1021 3417 1395 3481 Miloniana
1442 3416 1605 3480 nihil
1651 3417 1867 3480 iocosi
1913 3418 2148 3491 habet,
2197 3418 2326 3481 nisi
2375 3419 2563 3499 quod
2612 3422 2713 3482 60.
2764 3430 3019 3495 narrat,
3067 3421 3287 3502 qualis
3335 3441 3693 3485 servorum
3738 3423 4057 3503 quaestio
4105 3421 4319 3486 fuisse

705 3528 1049 3588 tss’rl.·tssl·‡?l·lf.lfl.
1097 3528 1202 3600 sit,
1253 3535 1323 3588 et
1374 3545 1476 3603 33.
1571 3520 1867 3587 Sextum
1909 3522 2220 3587 Clodium
2268 3524 2615 3586 librarium
2663 3525 2891 3608 legum
2940 3546 3031 3589 ex
3081 3530 3289 3593 turba
3335 3539 3674 3591 nocturna
3720 3538 4054 3610 tanquam
4098 3530 4319 3592 Palla-

705 3640 881 3696 [lium
945 3636 1274 3696 extulisse
1327 3632 1495 3694 dicit
1557 3641 1629 3695 et
1687 3632 1945 3696 ibidem
2006 3642 2230 3696 totum
2291 3651 2369 3695 se
2430 3632 2663 3696 dicere
2709 3634 2965 3698 audere
3010 3645 3255 3718 negat:
3309 3645 3586 3713 „movet
3630 3656 3742 3699 me
3788 3637 4048 3721 quippe
4095 3635 4318 3699 lumen

705 3748 993 3804 mirina:
3892 3802 3899 3808 .

1025 3848 1097 3908 In
1149 3846 1545 3929 Philippicis
1602 3865 1693 3909 ex
1748 3847 1879 3909 hoc
1918 3846 2324 3911 facetiarum
2371 3868 2630 3930 genere
2678 3869 2816 3912 non
2862 3850 3075 3912 multa
3120 3849 3578 3923 inveniuntur,
3628 3850 3757 3914 nisi
3803 3851 3936 3912 huc
3983 3848 4201 3912 refers
4248 3849 4317 3912 in

713 3956 781 4016 ll.
841 3980 937 4032 ῃ.
1037 3954 1323 4016 Antonii
1383 3954 1736 4016 redeuntis
1798 3973 1890 4016 ex
1954 3950 2174 4017 Gallia
2235 3955 2532 4017 reditum
2596 3956 2686 4017 ad
2748 3955 3097 4019 mulierem
3159 3967 3231 4019 et
3290 3957 3359 4019 in
3419 3955 3549 4019 XI.
3624 3978 3719 4036 13.
3783 3956 4316 4038 descriptionem

709 4064 1077 4132 mnu-inrum,
1149 4061 1331 4123 velut
1376 4060 1454 4124 P.
1504 4059 1737 4134 Decii,
1802 4060 1920 4140 qui
1981 4059 2314 4141 majorum
2363 4062 2685 4144 exempla
2731 4080 3157 4143 persequens
3205 4082 3333 4144 pro
3382 4063 3605 4126 alieno
3653 4083 3729 4126 se
3785 4081 3947 4124 aere
4010 4063 4315 4135 devovit,

705 4192 790 4228 κῆ
861 4172 1107 4244 [quihus
1173 4166 1375 4229 sociis
1437 4165 1796 4229 nonnullos
1873 4167 2079 4228 etiam
2141 4165 2336 4229 XIH.
2417 4173 2516 4231 26.
2584 4167 2868 4249 joculari
2940 4169 3353 4250 cognomine
3422 4181 3543 4233 aut
3611 4169 4023 4232 contumelia
4090 4169 4318 4248 aliqua

705 4276 1045 4348 llnaifflmt,
1097 4284 1169 4336 ut
1214 4271 1524 4334 Bestiam
1571 4292 1897 4355 corycum
1944 4271 2232 4336 laterum
2280 4283 2352 4336 et
2400 4275 2591 4336 vocis
2639 4293 2807 4337 suae
2854 4274 3179 4357 appellat.

1024 4380 1097 4440 Ιη
1145 4384 1274 4442 hoc
1321 4397 1579 4461 genere
1627 4379 2091 4441 numerandae
2138 4389 2297 4442 sunt
2359 4379 2568 4442 etiam
2629 4379 2924 4443 fabellae
2945 4429 2959 4455 ,
3023 4393 3203 4463 quae
3264 4382 3565 4445 insertae
3629 4390 3791 4444 sunt
3853 4378 4316 4442 orationibus:

1021 4508 1089 4568 p.
1141 4485 1350 4548 Arch.
1401 4485 1489 4546 de
1534 4484 1712 4547 malo
1760 4495 2002 4567 poeta,
2067 4486 2176 4548 cui
2222 4483 2410 4548 Sulla
2456 4487 2833 4569 praemium
2881 4487 3087 4551 tribui
3130 4488 3334 4569 jussit
3381 4508 3465 4551 ea
3512 4487 3905 4551 conditione
3925 4534 3939 4559 ,
4002 4505 4091 4548 ne
4152 4486 4318 4568 quid

705 4608 953 4672 postea
1001 4592 1353 4664 scriberet,

1025 4720 1149 4780 prs]
1197 4700 1368 4781 Imp.
1419 4697 1540 4762 Cn.
1587 4699 1831 4782 Pomp.
1893 4699 1980 4761 de
2040 4698 2118 4761 L.
2173 4699 2528 4782 Philippo,
2594 4701 2709 4782 qui
2770 4702 3175 4784 Pompeium
3237 4722 3375 4766 non
3435 4722 3564 4785 pro
3628 4703 3940 4776 consule,
4004 4701 4128 4764 sed
4189 4719 4317 4781 pro

705 4808 1097 4868 consulibus
1145 4807 1232 4868 ad
1278 4806 1529 4869 bellum
1574 4806 1752 4870 mitti
1798 4806 2014 4870 voluit
2063 4805 2146 4870 cf.
2197 4806 2369 4870 Phil.
2417 4807 2546 4871 XI.
2608 4813 2725 4882 18.,

1025 4936 1153 4996 pro
1201 4911 1463 4977 Cluent.
1512 4915 1600 4977 de
1647 4912 1724 4978 L.
1776 4912 2008 4978 Crassi
2053 4914 2463 4978 recitatione
2509 4916 2853 4978 initiorum
2909 4915 3268 4991 librorum,
3334 4936 3510 4997 quos
3559 4916 3652 4979 M.
3701 4917 3961 4979 Brutus
4024 4916 4112 4978 de
4172 4915 4319 4978 iure

705 5020 885 5080 civili
933 5020 1202 5100 reliquit
1250 5018 1358 5099 (cf.
1409 5021 1497 5083 de
1543 5040 1639 5084 or.
1687 5021 1772 5084 11.
1828 5024 1995 5104 223),
