4717 5575
1007 326 1203 385 ..7..

196 571 245 614 ex
268 546 385 610 verbis
410 541 613 623 intelligunt,
637 560 707 604 non
731 561 777 603 ex
801 541 990 612 voluntate,
1015 539 1166 642 stultitia,
1184 539 1352 612 irridetur,
1376 539 1435 602 ubi
1459 538 1563 601 etiam
1581 542 1618 600 61
1646 538 1674 600 si
1699 535 1775 618 quis
1799 557 1863 619 per
1886 539 2010 601 calum·

199 657 292 719 niam
315 662 470 737 quaerat,
495 670 576 712 num
598 649 709 713 fustes
733 659 793 712 aut
817 669 906 712 saxa
929 648 963 711 in
987 647 1090 710 armis
1115 648 1327 709 numeranda
1351 647 1428 719 sint,
1452 647 1487 709 id
1513 666 1705 720 ,armorum
1728 645 1908 708 iudicium‘
1933 667 2011 709 esse

202 763 293 837 dicit,
316 759 460 825 Pacuvii
485 756 637 821 fabulam
660 755 871 839 significans

360 865 481 930 Oratio
513 884 577 947 pro
609 862 759 936 Cluent,
792 882 990 945 quanquam
1021 862 1055 924 in
1086 881 1192 924 causa
1223 862 1335 944 magis
1367 861 1448 923 odio
1480 880 1582 943 quam
1611 861 1682 923 risu
1711 861 1816 942 digna
1839 870 2008 934 versatur,

202 978 310 1040 habet
338 973 508 1055 quaedam
539 972 672 1044 iocosa,
704 982 743 1033 ut
769 973 809 1050 58
840 970 994 1050 ineptam
1022 968 1160 1049 Ceparii
1192 967 1446 1041 defensionem,
1479 968 1537 1050 qui
1569 987 1645 1029 cum
1676 967 1805 1029 iudices
1836 968 2010 1049 respicere

205 1080 238 1146 C.
263 1080 413 1144 Fabricii
445 1087 661 1142 senectutem
692 1077 867 1148 iussisset,
899 1075 976 1158 ipse
1006 1074 1196 1156 respiciens
1226 1075 1293 1137 iarn
1322 1074 1358 1138 C.
1384 1074 1580 1136 Fabricium
1609 1094 1631 1136 a
1658 1073 1827 1136 subselliis
1859 1074 2009 1137 demisso

198 1190 316 1272 capite
338 1186 542 1251 discessisse
566 1185 661 1248 videt
684 1181 812 1264 (Quint.
837 1181 897 1244 VI.
923 1203 953 1259 3.
979 1184 1031 1262 39)
1056 1193 1091 1245 et
1113 1201 1163 1261 72·
1189 1180 1323 1263 Stajeni
1346 1181 1513 1244 fraudem.

361 1295 401 1356 In
423 1314 471 1357 or.
496 1293 529 1355 H
552 1295 596 1355 de
618 1293 697 1374 lege
720 1310 833 1373 agrar.
863 1311 910 1368 13.
930 1291 968 1352 P.
985 1289 1090 1361 Rulli,
1116 1310 1192 1352 cum
1215 1290 1245 1351 is
1268 1289 1481 1352 tribunatum
1505 1289 1646 1361 adisset,
1671 1299 1823 1351 mutatus
1847 1304 2010 1369 aspectus

201 1415 239 1466 et
269 1403 434 1465 orationis
465 1401 660 1463 obscuritas
685 1398 812 1480 (Quint.
838 1397 880 1459 V.
912 1418 959 1476 13.
986 1400 1037 1474 38.
1066 1406 1101 1459 et
1125 1396 1217 1459 VIII.
1244 1419 1273 1474 4.
1301 1400 1352 1474 28)
1385 1408 1420 1459 et
1453 1416 1492 1474 53
1526 1396 1679 1459 eiusdem
1709 1395 1910 1470 insolentia,
1943 1415 2011 1476 qua

201 1510 367 1592 Pompeio
390 1509 621 1591 imperaturus
645 1506 831 1578 videretur,
855 1505 996 1567 ridetur.

358 1616 399 1679 In
431 1614 507 1677 Cat.
540 1613 581 1679 11.
616 1635 667 1676 21.
704 1612 900 1675 relictorum
935 1630 956 1673 a
987 1609 1135 1674 Catilina
1165 1611 1333 1674 sodalium
1363 1622 1576 1693 postremum
1608 1630 1720 1692 genus
1751 1609 1943 1688 (manicatis
1976 1620 2010 1672 et

199 1720 368 1785 talaribus
391 1720 533 1794 tunicis,
558 1720 643 1782 velis
666 1717 800 1790 amicti,
825 1737 895 1780 non
917 1718 1011 1799 togis
1035 1719 1113 1798 etc.)
1137 1717 1352 1780 describitur.

362 1828 401 1890 P.
427 1825 513 1889 Mur.
539 1847 590 1906 25.
615 1827 734 1908 inepta
756 1825 977 1889 formularum
1001 1836 1036 1888 et
1060 1826 1233 1887 actionum
1255 1825 1419 1888 tractatio
1440 1823 1751 1906 jureconsultorum
1774 1837 1810 1886 et
1833 1823 2012 1887 enuntiata

200 1936 372 1999 fastorum
402 1934 583 2017 mysteria,
616 1937 653 1996 61
693 1934 850 2015 asperior
880 1931 1077 1995 Stoicorum
1108 1933 1266 1995 doctrina
1301 1941 1336 1995 et
1374 1941 1565 2013 praecepta
1599 1940 1635 1993 et
1670 1931 1928 2014 paradoxorum
1962 1931 2012 1993 in·

204 2041 318 2124 eptiae
341 2041 667 2125 perstringuntur*).
1124 2034 1126 2040 ’

361 2149 399 2212 Ρ.
431 2148 460 2211 F
462 2148 545 2212 lace.
578 2169 630 2227 41.
662 2148 706 2210 D.
738 2147 874 2211 Laelius
909 2157 1092 2211 accusator
1122 2147 1279 2229 arguitur
1313 2146 1462 2224 „homini
1492 2145 1643 2227 Phrygi,
1675 2145 1735 2226 qui
1766 2146 1925 2207 arborem
1956 2143 2011 2206 fici

202 2275 375 2339 nunquam
398 2256 562 2324 vidisset,
594 2254 747 2318 fiscinam
771 2254 913 2318 ficorum
937 2254 1127 2318 obiecisse“
1153 2265 1321 2334 tanquam
1352 2252 1451 2316 edaci
1481 2251 1634 2326 bestiae,
1667 2252 1725 2314 ubi
1757 2250 1872 2316 Schol.
1896 2251 2010 2315 Bobb.

201 2374 318 2427 notat:
361 2364 550 2445 „quasdam
589 2362 845 2425 criminationes
883 2383 952 2425 non
989 2361 1140 2444 pugnaci
1181 2360 1500 2442 argumentatione,
1544 2359 1607 2421 sed
1644 2357 1771 2421 festiva
1813 2358 2012 2421 urbanitate

202 2471 382 2544 dissolvi“;
417 2490 457 2549 70
488 2468 705 2550 subscriptor
736 2470 967 2532 accusationis
992 2468 1161 2550 Apulejus
1185 2467 1351 2540 illuditur,
1385 2466 1443 2548 qui
1474 2485 1583 2529 annos
1615 2466 1682 2527 iam
1710 2464 1854 2547 triginta
1877 2465 1911 2527 in
1935 2464 2012 2528 foro

202 2587 378 2649 versetur,
410 2578 471 2638 sed
501 2587 618 2639 tamen
648 2576 684 2637 in
706 2575 941 2657 Pergamena,
974 2575 1033 2657 qui
1064 2575 1140 2638 unis
1167 2573 1383 2637 vestimentis
1406 2582 1478 2635 tam
1501 2573 1558 2634 diu
1583 2572 1695 2634 lautus
1719 2571 1778 2646 sit,
1803 2572 1879 2651 qui,
1904 2580 1942 2634 ut
1966 2591 2012 2634 ex

205 2683 347 2746 Catonis
389 2693 576 2767 praecepto
610 2682 776 2763 „pedibus
807 2693 1050 2764 compensaret
1080 2682 1294 2765 pecuniam“,
1327 2681 1430 2762 longe
1460 2700 1482 2742 a
1512 2679 1628 2742 Tiberi
1659 2679 1704 2740 ad
1736 2676 1876 2741 Caicum
1906 2698 2012 2759 agros

204 2791 341 2866 emerit,
374 2791 428 2853 cui
459 2811 536 2854 cum
567 2809 729 2854 coronam
760 2808 901 2851 auream
930 2789 1137 2871 Pergameni
1168 2787 1290 2851 litteris
1321 2787 1563 2869 imponebant,
1595 2805 1665 2849 non
1695 2784 1772 2867 plus
1803 2784 1878 2847 auri
1909 2804 2013 2868 quam

204 2895 408 2957 monedulae
439 2897 713 2970 committebant3
747 2900 786 2975 65
820 2895 968 2977 denique
998 2894 1146 2958 Asiatici
1177 2905 1287 2958 testes
1314 2894 1508 2956 irridentur.
1555 2893 1671 2955 Alium
1694 2892 1728 2954 in
1752 2892 1874 2954 eadem
1896 2890 2012 2954 Flacci

203 3022 310 3065 causa
333 3002 447 3065 iocum
471 3002 669 3067 Macrobius
692 3002 734 3066 II.
765 3024 789 3064 1.
820 3023 867 3081 13.
892 3013 1147 3076 commemorat,
1172 3021 1275 3082 quem
1298 3011 1415 3064 tamen
1438 3000 1473 3062 in
1497 2998 1655 3061 oratione
1678 3017 1748 3060 non
1772 3008 1895 3060 extare
1918 2996 2011 3060 dicit.

362 3108 529 3192 Magnam
545 3109 725 3173 cavillandi
741 3108 921 3172 materiam
937 3107 1094 3172 Ciceroni
1114 3109 1150 3171 in
1170 3109 1395 3190 sequentibus
1420 3104 1634 3169 orationibus
1658 3124 1691 3185 p.
1715 3104 1825 3177 redit,
1849 3122 1884 3185 p.
1909 3102 2011 3177 Sest.,

204 3227 330 3297 postea
352 3216 385 3278 in
409 3214 479 3278 Pis.
503 3216 608 3279 Piso
633 3226 676 3279 et
700 3214 923 3279 Gabinius
947 3217 1199 3298 praebuerunt,
1225 3215 1350 3297 quibus
1373 3213 1572 3276 consulibus
1603 3229 1642 3274 se
1673 3230 1719 3273 ex
1749 3212 1835 3273 urbe
1866 3210 2012 3273 eiectum

202 3322 463 3405 indignabatur,
495 3343 584 3403 quos
614 3344 649 3406 p.
681 3321 772 3387 Sest.
810 3327 858 3387 18.
891 3334 927 3385 et
957 3324 991 3385 in
1023 3323 1091 3386 Pis.
1118 3342 1169 3385 22.
1194 3321 1378 3394 describit,
1415 3316 1600 3382 Gabinium
1634 3317 1867 3380 calamistrata
1902 3336 2011 3392 coma,

203 3429 335 3512 puteali
361 3437 397 3491 et
424 3426 681 3493 faeneratorum
703 3430 871 3512 gregibus
886 3428 1042 3492 inflatum
1066 3439 1143 3502 etc..
1167 3426 1330 3491 Pisonem
1354 3424 1543 3490 terribilem
1565 3434 1720 3506 aspectu,
1745 3423 1909 3486 vestitum
1932 3443 2013 3506 pur·

203 3555 291 3617 pura
313 3536 450 3617 plebeia
473 3556 514 3599 ac
537 3556 650 3619 paene
672 3536 781 3611 fusca,
806 3536 928 3618 capillo
950 3537 999 3598 ita
1018 3535 1169 3610 horride,
1194 3544 1233 3597 ut
1249 3533 1370 3615 Capua
1384 3529 1638 3612 -Seplasiam
1659 3532 1856 3595 sublaturus
1879 3530 2013 3593 videre·

204 3652 270 3705 tur.
317 3642 471 3705 Maxime
486 3655 602 3708 autem
618 3643 755 3707 Pisonis
778 3643 1006 3726 supercilium,
1031 3643 1125 3724 quod
1147 3641 1203 3704 ille
1226 3638 1366 3703 mirifice
1389 3639 1541 3701 movisse
1564 3649 1600 3700 et
1622 3636 1770 3700 frontem
1795 3638 2013 3701 contraxisse

204 3748 358 3823 videtur,
382 3748 508 3823 illudit,
532 3771 601 3813 non
625 3752 733 3813 solum
761 3772 794 3833 p.
820 3750 928 3826 Sest.,
962 3770 1066 3832 quum
1090 3769 1132 3812 eo
1156 3746 1339 3830 supercilio
1363 3758 1529 3827 tanquam
1552 3745 1643 3807 vade
1666 3764 1793 3807 annum
1816 3743 1878 3807 niti
1902 3746 2013 3808 visum

205 3874 281 3918 esse
306 3856 406 3929 dicit,
431 3858 619 3920 sedetiam
643 3859 678 3921 in
702 3859 771 3920 Pis.
803 3880 827 3920 r.
855 3876 905 3920 20.
933 3878 983 3938 70.
1008 3856 1163 3938 inprimis
1193 3876 1249 3931 14:
1284 3855 1536 3935 interrogatum
1568 3852 1651 3933 quid
1682 3852 1826 3914 sentiret
1858 3853 1901 3914 de
1933 3871 2013 3914 con·

205 3963 317 4026 sulatu
340 3961 526 4036 Ciceronis,
551 3984 628 4028 eum
651 3966 874 4047 respondisse
900 3964 1028 4043 „altero
1052 3964 1097 4024 ad
1121 3960 1271 4024 frontem
1295 3960 1442 4035 sublato,
1467 3960 1577 4022 altero
1601 3960 1646 4021 ad
1668 3966 1822 4021 mentum
1846 3959 2012 4043 depresso

205 4069 418 4149 supercili0“.
467 4069 590 4133 Colore
620 4081 736 4133 autem
767 4070 865 4134 fusco
897 4072 1043 4133 eundem
1073 4068 1181 4131 fuisse
1212 4067 1394 4150 probabile
1426 4077 1497 4141 est,
1538 4067 1631 4147 quod
1668 4065 1734 4141 „ad
1763 4066 1914 4129 honores
1952 4067 2013 4128 ob·

203 4176 314 4257 repsit
338 4177 636 4241 commendatione
659 4175 870 4242 fumosarum
893 4178 1091 4258 imaginum,
1116 4195 1261 4256 quarum
1278 4174 1386 4237 simile
1402 4175 1557 4237 habebat
1577 4172 1660 4235 nihil
1675 4182 1815 4253 praeter
1831 4172 2012 4235 colorem“.

205 4280 338 4361 Quibus
362 4285 478 4346 verbis
502 4294 686 4367 praeterea
708 4286 742 4347 in
765 4285 927 4348 Pisonem
951 4295 1057 4365 atque
1081 4281 1267 4345 Gabinium
1292 4281 1448 4344 invectus
1478 4292 1548 4353 est,
1581 4299 1623 4341 ea
1646 4279 1681 4342 in
1704 4279 1877 4351 convici0,
1910 4298 2013 4359 quam

205 4385 240 4447 in
268 4388 395 4452 salibus
422 4409 603 4453 numerare
632 4391 762 4463 malim;
794 4390 922 4454 festiva
952 4400 1069 4452 autem
1100 4400 1181 4452 sunt
1211 4388 1404 4470 sapientiae
1431 4387 1624 4470 Epicureae
1655 4395 1855 4470 praecepta,
1887 4385 2013 4466 quibus

205 4491 287 4554 Piso
310 4514 439 4574 genero
463 4514 527 4559 suo
552 4495 692 4561 Caesari
716 4499 941 4580 cupiditatem
963 4496 1127 4580 triumphi
1160 4496 1387 4578 comprimere
1416 4515 1458 4558 ac
1487 4496 1704 4577 restinguere
1733 4493 1872 4558 iubetur
1904 4512 1944 4571 59
1978 4504 2013 4556 et

204 4598 359 4662 narratio
381 4604 512 4666 reditus
536 4625 583 4668 ex
607 4606 786 4687 provincia
811 4626 861 4686 55.
888 4609 939 4668 61.

366 4704 437 4769 Sed
474 4711 578 4774 redeo
616 4712 660 4773 ad
700 4709 913 4784 Sestianam,
945 4712 979 4774 in
1010 4731 1079 4793 qua
1110 4721 1245 4785 narrat,
1278 4710 1566 4791 quemadmodum
1598 4707 1640 4790 Q.
1672 4706 1854 4770 Numerius
1887 4706 2013 4781 Rufus,

206 4815 366 4878 mulionia
397 4817 545 4898 paenula
574 4828 732 4900 arrepta,
756 4818 923 4881 messoria
954 4820 1061 4881 corbe
1091 4827 1289 4892 contectus,
1318 4817 1447 4900 gemini
1474 4816 1621 4879 nominis
1645 4833 1761 4878 errore
1786 4796 1945 4878 servatus
1969 4815 2014 4878 sit

362 5047 385 5112 *)
404 5048 571 5113 Quoaudilo
590 5053 627 5100 M.
648 5051 756 5099 Porcius
775 5052 839 5098 Cato
858 5051 952 5100 dixisse
972 5051 1064 5099 fertur:
1085 5065 1161 5114 quam
1181 5049 1315 5098 ridiculum
1335 5048 1460 5097 babemus
1479 5048 1620 5098 consulem.
